
   <record>
      <leader>00000nz  a2200000nc 4500</leader>
      <controlfield tag="001">institutions/51008499</controlfield>
      <controlfield tag="003">DE-633</controlfield>
      <controlfield tag="005">20250620052322.0</controlfield>
      <controlfield tag="008">250204||||z|||a|||||||||||||||||n||||||d</controlfield>
      <datafield tag="024" ind1="7" ind2=" ">
         <subfield code="a">19161632351210642733</subfield>
         <subfield code="2">VIAF</subfield>
      </datafield>
      <datafield tag="024" ind1="7" ind2=" ">
         <subfield code="a">PL-BBad</subfield>
         <subfield code="q">siglum</subfield>
         <subfield code="2">rism</subfield>
      </datafield>
      <datafield tag="034" ind1="1" ind2=" ">
         <subfield code="d">19.04065325828335</subfield>
         <subfield code="f">49.82985103021927</subfield>
      </datafield>
      <datafield tag="040" ind1=" " ind2=" ">
         <subfield code="a">DE-633</subfield>
         <subfield code="b">ger</subfield>
         <subfield code="c">DE-633</subfield>
         <subfield code="e">rismg</subfield>
      </datafield>
      <datafield tag="043" ind1=" " ind2=" ">
         <subfield code="c">XA-PL</subfield>
      </datafield>
      <datafield tag="110" ind1="1" ind2=" ">
         <subfield code="a">Biblioteka i Archiwum Diecezjalne w Bielsku-Białej, Diecezja Bielsko-Żywiecka</subfield>
         <subfield code="c">Bielsko-Biała</subfield>
         <subfield code="g">PL-BBad</subfield>
      </datafield>
      <datafield tag="368" ind1=" " ind2=" ">
         <subfield code="a">Institution</subfield>
         <subfield code="a">Archive</subfield>
         <subfield code="a">Library</subfield>
      </datafield>
      <datafield tag="371" ind1=" " ind2=" ">
         <subfield code="a">ul. Żeromskiego 5a</subfield>
         <subfield code="b">Bielsko-Biała</subfield>
         <subfield code="c">Województwo śląskie</subfield>
         <subfield code="d">Poland</subfield>
         <subfield code="e">43-300</subfield>
         <subfield code="m">biblioteka@kuria.bielsko.pl</subfield>
         <subfield code="u">https://biblioteka.diecezjabielsko.pl/</subfield>
         <subfield code="z">tel: +48 / 734-176-686</subfield>
      </datafield>
      <datafield tag="410" ind1=" " ind2=" ">
         <subfield code="a">Biblioteka i Archiwum Diecezji Bielsko-Żywieckiej</subfield>
      </datafield>
      <datafield tag="551" ind1="1" ind2=" ">
         <subfield code="a">Bielsko-Biała</subfield>
         <subfield code="0">places/50011323</subfield>
      </datafield>
   </record>