
   <record>
      <leader>00000nz  a2200000nc 4500</leader>
      <controlfield tag="001">institutions/51008500</controlfield>
      <controlfield tag="003">DE-633</controlfield>
      <controlfield tag="005">20250620052323.0</controlfield>
      <controlfield tag="008">250204||||z|||a|||||||||||||||||n||||||d</controlfield>
      <datafield tag="024" ind1="7" ind2=" ">
         <subfield code="a">PL-BYakm</subfield>
         <subfield code="q">siglum</subfield>
         <subfield code="2">rism</subfield>
      </datafield>
      <datafield tag="034" ind1="1" ind2=" ">
         <subfield code="d">18.922280626198386</subfield>
         <subfield code="f">50.348223571576284</subfield>
      </datafield>
      <datafield tag="040" ind1=" " ind2=" ">
         <subfield code="a">DE-633</subfield>
         <subfield code="b">ger</subfield>
         <subfield code="c">DE-633</subfield>
         <subfield code="e">rismg</subfield>
      </datafield>
      <datafield tag="043" ind1=" " ind2=" ">
         <subfield code="c">XA-PL</subfield>
      </datafield>
      <datafield tag="110" ind1="1" ind2=" ">
         <subfield code="a">Archiwum Kościoła Mariackiego w Bytomiu</subfield>
         <subfield code="c">Bytom</subfield>
         <subfield code="g">PL-BYakm</subfield>
      </datafield>
      <datafield tag="368" ind1=" " ind2=" ">
         <subfield code="a">Institution</subfield>
         <subfield code="a">Archive</subfield>
         <subfield code="a">Library</subfield>
      </datafield>
      <datafield tag="371" ind1=" " ind2=" ">
         <subfield code="a">Rzymskokatolicka Parafia Wniebowzięcia Najświętszej Maryi Panny</subfield>
         <subfield code="a">ul. Ks. Karola Koziołka 3</subfield>
         <subfield code="b">Bytom</subfield>
         <subfield code="c">Województwo śląskie</subfield>
         <subfield code="d">Poland</subfield>
         <subfield code="e">41-902</subfield>
         <subfield code="m">wnmp_bytom@kuria.gliwice.pl</subfield>
         <subfield code="u">https://mariacki.bytom.pl/</subfield>
         <subfield code="z">tel: +48 / 32 281 31 85</subfield>
      </datafield>
      <datafield tag="551" ind1="1" ind2=" ">
         <subfield code="a">Bytom</subfield>
         <subfield code="0">places/50004399</subfield>
      </datafield>
   </record>