
   <record>
      <leader>00000nz  a2200000nc 4500</leader>
      <controlfield tag="001">institutions/51006065</controlfield>
      <controlfield tag="003">DE-633</controlfield>
      <controlfield tag="005">20250620052306.0</controlfield>
      <controlfield tag="008">220119||||z|||a|||||||||||||||||n||||||d</controlfield>
      <datafield tag="024" ind1="7" ind2=" ">
         <subfield code="a">4255158005999802100005</subfield>
         <subfield code="2">VIAF</subfield>
      </datafield>
      <datafield tag="024" ind1="7" ind2=" ">
         <subfield code="a">PL-CHEap</subfield>
         <subfield code="q">siglum</subfield>
         <subfield code="2">rism</subfield>
      </datafield>
      <datafield tag="034" ind1="1" ind2=" ">
         <subfield code="d">23.476587271901234</subfield>
         <subfield code="f">51.12917023783396</subfield>
      </datafield>
      <datafield tag="040" ind1=" " ind2=" ">
         <subfield code="a">DE-633</subfield>
         <subfield code="c">DE-633</subfield>
         <subfield code="e">rismg</subfield>
      </datafield>
      <datafield tag="043" ind1=" " ind2=" ">
         <subfield code="c">XA-PL</subfield>
      </datafield>
      <datafield tag="110" ind1="1" ind2=" ">
         <subfield code="a">Archiwum Państwowe w Lublinie, Oddział w Chełmie</subfield>
         <subfield code="c">Chełm</subfield>
         <subfield code="g">PL-CHEap</subfield>
      </datafield>
      <datafield tag="368" ind1=" " ind2=" ">
         <subfield code="a">Institution</subfield>
         <subfield code="a">Library</subfield>
         <subfield code="a">Archive</subfield>
      </datafield>
      <datafield tag="371" ind1=" " ind2=" ">
         <subfield code="a">ul. Partyzantów 40</subfield>
         <subfield code="b">Chełm</subfield>
         <subfield code="d">Poland</subfield>
         <subfield code="e">22-100</subfield>
         <subfield code="m">chelm@lublin.ap.gov.pl</subfield>
         <subfield code="u">https://lublin.ap.gov.pl/o-archiwum/oddzial-w-chelmie/kontakt/</subfield>
         <subfield code="z">tel: +48 / 82 565 80 68</subfield>
      </datafield>
      <datafield tag="551" ind1="1" ind2=" ">
         <subfield code="a">Chełm</subfield>
         <subfield code="0">places/50004400</subfield>
      </datafield>
   </record>