
   <record>
      <leader>00000nz  a2200000nc 4500</leader>
      <controlfield tag="001">institutions/51007045</controlfield>
      <controlfield tag="003">DE-633</controlfield>
      <controlfield tag="005">20250620052312.0</controlfield>
      <controlfield tag="008">230122||||z|||a|||||||||||||||||n||||||d</controlfield>
      <datafield tag="024" ind1="7" ind2=" ">
         <subfield code="a">116145304391778571853</subfield>
         <subfield code="2">VIAF</subfield>
      </datafield>
      <datafield tag="024" ind1="7" ind2=" ">
         <subfield code="a">PL-DRad</subfield>
         <subfield code="q">siglum</subfield>
         <subfield code="2">rism</subfield>
      </datafield>
      <datafield tag="034" ind1="1" ind2=" ">
         <subfield code="d">22.654278633602118</subfield>
         <subfield code="f">52.394308510527</subfield>
      </datafield>
      <datafield tag="040" ind1=" " ind2=" ">
         <subfield code="a">DE-633</subfield>
         <subfield code="c">DE-633</subfield>
         <subfield code="e">rismg</subfield>
      </datafield>
      <datafield tag="043" ind1=" " ind2=" ">
         <subfield code="c">XA-PL</subfield>
      </datafield>
      <datafield tag="110" ind1="1" ind2=" ">
         <subfield code="a">Archiwum Diecezjalne w Drohiczynie</subfield>
         <subfield code="c">Drohiczyn</subfield>
         <subfield code="g">PL-DRad</subfield>
      </datafield>
      <datafield tag="368" ind1=" " ind2=" ">
         <subfield code="a">Institution</subfield>
         <subfield code="a">Library</subfield>
         <subfield code="a">Archive</subfield>
      </datafield>
      <datafield tag="371" ind1=" " ind2=" ">
         <subfield code="a">ul. Kościelna 10</subfield>
         <subfield code="b">17-312 Drohiczyn</subfield>
         <subfield code="c">Województwo podlaskie</subfield>
         <subfield code="d">Poland</subfield>
         <subfield code="m">archiwum@drohiczynska.pl</subfield>
         <subfield code="u">https://drohiczynska.pl/archiwum/</subfield>
         <subfield code="z">tel: +48 / 85 / 655 78 08</subfield>
      </datafield>
      <datafield tag="551" ind1="1" ind2=" ">
         <subfield code="a">Drohiczyn</subfield>
         <subfield code="0">places/50012680</subfield>
      </datafield>
   </record>