
   <record>
      <leader>00000nz  a2200000nc 4500</leader>
      <controlfield tag="001">institutions/51008501</controlfield>
      <controlfield tag="003">DE-633</controlfield>
      <controlfield tag="005">20250620052323.0</controlfield>
      <controlfield tag="008">250204||||z|||a|||||||||||||||||n||||||d</controlfield>
      <datafield tag="024" ind1="7" ind2=" ">
         <subfield code="a">PL-DTap</subfield>
         <subfield code="q">siglum</subfield>
         <subfield code="2">rism</subfield>
      </datafield>
      <datafield tag="034" ind1="1" ind2=" ">
         <subfield code="d">20.981834197354544</subfield>
         <subfield code="f">50.175468678286116</subfield>
      </datafield>
      <datafield tag="040" ind1=" " ind2=" ">
         <subfield code="a">DE-633</subfield>
         <subfield code="b">ger</subfield>
         <subfield code="c">DE-633</subfield>
         <subfield code="e">rismg</subfield>
      </datafield>
      <datafield tag="043" ind1=" " ind2=" ">
         <subfield code="c">XA-PL</subfield>
      </datafield>
      <datafield tag="110" ind1="1" ind2=" ">
         <subfield code="a">Archiwum parafii p.w. Wszystkich Świętych w Dąbrowie Tarnowskiej</subfield>
         <subfield code="c">Dąbrowa Tarnowska</subfield>
         <subfield code="g">PL-DTap</subfield>
      </datafield>
      <datafield tag="368" ind1=" " ind2=" ">
         <subfield code="a">Institution</subfield>
         <subfield code="a">Archive</subfield>
         <subfield code="a">Library</subfield>
      </datafield>
      <datafield tag="371" ind1=" " ind2=" ">
         <subfield code="a">Parafia pw. NMP Szkaplerznej w Dąbrowie Tarnowskiej</subfield>
         <subfield code="a">ul. Zamkowa 3</subfield>
         <subfield code="b">Dąbrowa Tarnowska</subfield>
         <subfield code="c">Województwo małopolskie</subfield>
         <subfield code="d">Poland</subfield>
         <subfield code="e">33-200</subfield>
         <subfield code="m">dabrtarn@diecezja.tarnow.pl</subfield>
         <subfield code="u">https://parafiadabrowatarnowska.pl/category/aktualnosci/</subfield>
         <subfield code="z">tel: +48 / 664 397 237</subfield>
      </datafield>
      <datafield tag="551" ind1="1" ind2=" ">
         <subfield code="a">Dąbrowa Tarnowska</subfield>
         <subfield code="0">places/50021333</subfield>
      </datafield>
   </record>