
   <record>
      <leader>00000nz  a2200000nc 4500</leader>
      <controlfield tag="001">institutions/51007684</controlfield>
      <controlfield tag="003">DE-633</controlfield>
      <controlfield tag="005">20250620052316.0</controlfield>
      <controlfield tag="008">240115||||z|||a|||||||||||||||||n||||||d</controlfield>
      <datafield tag="024" ind1="7" ind2=" ">
         <subfield code="a">PL-Fap</subfield>
         <subfield code="q">siglum</subfield>
         <subfield code="2">rism</subfield>
      </datafield>
      <datafield tag="034" ind1="1" ind2=" ">
         <subfield code="d">21.609182899024947</subfield>
         <subfield code="f">49.83533412711154</subfield>
      </datafield>
      <datafield tag="040" ind1=" " ind2=" ">
         <subfield code="a">DE-633</subfield>
         <subfield code="c">DE-633</subfield>
         <subfield code="e">rismg</subfield>
      </datafield>
      <datafield tag="043" ind1=" " ind2=" ">
         <subfield code="c">XA-PL</subfield>
      </datafield>
      <datafield tag="110" ind1="1" ind2=" ">
         <subfield code="a">Archiwum Parafii pw. Narodzenia NMP we Frysztaku</subfield>
         <subfield code="c">Frysztak</subfield>
         <subfield code="g">PL-Fap</subfield>
      </datafield>
      <datafield tag="368" ind1=" " ind2=" ">
         <subfield code="a">Institution</subfield>
         <subfield code="a">Library</subfield>
         <subfield code="a">Archive</subfield>
      </datafield>
      <datafield tag="371" ind1=" " ind2=" ">
         <subfield code="a">ul. Księdza Wojciecha Blajera 6</subfield>
         <subfield code="b">38-130 Frysztak</subfield>
         <subfield code="c">Województwo podkarpackie</subfield>
         <subfield code="d">Poland</subfield>
         <subfield code="m">kontakt@parafia.frysztak.pl</subfield>
         <subfield code="m">parafia@frysztak.pl</subfield>
         <subfield code="u">https://parafia.frysztak.pl/</subfield>
      </datafield>
      <datafield tag="510" ind1="2" ind2=" ">
         <subfield code="a">Parish archive in Frysztak</subfield>
      </datafield>
      <datafield tag="551" ind1="1" ind2=" ">
         <subfield code="a">Frysztak</subfield>
         <subfield code="0">places/50020681</subfield>
      </datafield>
   </record>