
   <record>
      <leader>00000nz  a2200000nc 4500</leader>
      <controlfield tag="001">institutions/51007035</controlfield>
      <controlfield tag="003">DE-633</controlfield>
      <controlfield tag="005">20250620052312.0</controlfield>
      <controlfield tag="008">230120||||z|||a|||||||||||||||||n||||||d</controlfield>
      <datafield tag="024" ind1="7" ind2=" ">
         <subfield code="a">PL-GDa</subfield>
         <subfield code="q">siglum</subfield>
         <subfield code="2">rism</subfield>
      </datafield>
      <datafield tag="034" ind1="1" ind2=" ">
         <subfield code="d">18.557774726930376</subfield>
         <subfield code="f">54.410020736242636</subfield>
      </datafield>
      <datafield tag="040" ind1=" " ind2=" ">
         <subfield code="a">DE-633</subfield>
         <subfield code="c">DE-633</subfield>
         <subfield code="e">rismg</subfield>
      </datafield>
      <datafield tag="043" ind1=" " ind2=" ">
         <subfield code="c">XA-PL</subfield>
      </datafield>
      <datafield tag="110" ind1="1" ind2=" ">
         <subfield code="a">Archiwum Archidiecezji Gdańskiej</subfield>
         <subfield code="c">Gdańsk</subfield>
         <subfield code="g">PL-GDa</subfield>
      </datafield>
      <datafield tag="368" ind1=" " ind2=" ">
         <subfield code="a">Institution</subfield>
         <subfield code="a">Library</subfield>
         <subfield code="a">Archive</subfield>
      </datafield>
      <datafield tag="371" ind1=" " ind2=" ">
         <subfield code="a">ul. Biskupa Edmunda Nowickiego 2</subfield>
         <subfield code="b">80-330 Gdańsk</subfield>
         <subfield code="c">Województwo pomorskie</subfield>
         <subfield code="d">Poland</subfield>
         <subfield code="m">archiwum@diecezja.gda.pl</subfield>
         <subfield code="u">https://www.diecezja.gda.pl/instytucje-25162/archiwum-archidiecezji-gdanskiej-25184</subfield>
         <subfield code="z">tel: +48 / 58 / 552-00-51</subfield>
      </datafield>
      <datafield tag="551" ind1="1" ind2=" ">
         <subfield code="a">Gdańsk</subfield>
         <subfield code="0">places/3900040</subfield>
      </datafield>
   </record>