
   <record>
      <leader>00000nz  a2200000nc 4500</leader>
      <controlfield tag="001">institutions/30006638</controlfield>
      <controlfield tag="003">DE-633</controlfield>
      <controlfield tag="005">20250620052049.0</controlfield>
      <controlfield tag="008">161109||||z|||a|||||||||||||||||n||||||d</controlfield>
      <datafield tag="024" ind1="7" ind2=" ">
         <subfield code="a">PL-GDam</subfield>
         <subfield code="q">siglum</subfield>
         <subfield code="2">rism</subfield>
      </datafield>
      <datafield tag="034" ind1="1" ind2=" ">
         <subfield code="d">18.66353401393101</subfield>
         <subfield code="f">54.346190860438284</subfield>
      </datafield>
      <datafield tag="040" ind1=" " ind2=" ">
         <subfield code="a">DE-633</subfield>
         <subfield code="c">DE-633</subfield>
         <subfield code="e">rismg</subfield>
      </datafield>
      <datafield tag="043" ind1=" " ind2=" ">
         <subfield code="c">XA-PL</subfield>
      </datafield>
      <datafield tag="110" ind1="1" ind2=" ">
         <subfield code="a">Biblioteka Główna Akademii Muzycznej im. St. Moniuszki w Gdańsku</subfield>
         <subfield code="c">Gdańsk</subfield>
         <subfield code="g">PL-GDam</subfield>
      </datafield>
      <datafield tag="368" ind1=" " ind2=" ">
         <subfield code="a">Institution</subfield>
         <subfield code="a">Library</subfield>
      </datafield>
      <datafield tag="371" ind1=" " ind2=" ">
         <subfield code="a">ul. Łąkowa 1-2</subfield>
         <subfield code="b">Gdańsk</subfield>
         <subfield code="c">Województwo pomorskie</subfield>
         <subfield code="d">Poland</subfield>
         <subfield code="e">80-743</subfield>
         <subfield code="m">bibliotekarze@amuz.gda.pl</subfield>
         <subfield code="u">https://biblioteka.amuz.gda.pl/</subfield>
         <subfield code="z">tel: +48 / 58 3009 243</subfield>
      </datafield>
      <datafield tag="410" ind1=" " ind2=" ">
         <subfield code="a">Stanisław Moniuszko Music Academy Main Library</subfield>
      </datafield>
      <datafield tag="551" ind1="1" ind2=" ">
         <subfield code="a">Gdańsk</subfield>
         <subfield code="0">places/3900040</subfield>
      </datafield>
      <datafield tag="667" ind1=" " ind2=" ">
         <subfield code="a">Published sources: 1</subfield>
      </datafield>
   </record>