
   <record>
      <leader>00000nz  a2200000nc 4500</leader>
      <controlfield tag="001">institutions/51007685</controlfield>
      <controlfield tag="003">DE-633</controlfield>
      <controlfield tag="005">20250620052316.0</controlfield>
      <controlfield tag="008">240115||||z|||a|||||||||||||||||n||||||d</controlfield>
      <datafield tag="024" ind1="7" ind2=" ">
         <subfield code="a">6890162669464855500002</subfield>
         <subfield code="2">VIAF</subfield>
      </datafield>
      <datafield tag="024" ind1="7" ind2=" ">
         <subfield code="a">PL-GRMap</subfield>
         <subfield code="q">siglum</subfield>
         <subfield code="2">rism</subfield>
      </datafield>
      <datafield tag="034" ind1="1" ind2=" ">
         <subfield code="d">20.615951776723147</subfield>
         <subfield code="f">52.112407525553444</subfield>
      </datafield>
      <datafield tag="040" ind1=" " ind2=" ">
         <subfield code="a">DE-633</subfield>
         <subfield code="c">DE-633</subfield>
         <subfield code="e">rismg</subfield>
      </datafield>
      <datafield tag="043" ind1=" " ind2=" ">
         <subfield code="c">XA-PL</subfield>
      </datafield>
      <datafield tag="110" ind1="1" ind2=" ">
         <subfield code="a">Archiwum Państwowe w Warszawie, Oddział w Grodzisku Mazowieckim</subfield>
         <subfield code="c">Grodzisk Mazowiecki</subfield>
         <subfield code="g">PL-GRMap</subfield>
      </datafield>
      <datafield tag="368" ind1=" " ind2=" ">
         <subfield code="a">Institution</subfield>
         <subfield code="a">Library</subfield>
         <subfield code="a">Archive</subfield>
      </datafield>
      <datafield tag="371" ind1=" " ind2=" ">
         <subfield code="a">Księcia Józefa Poniatowskiego 14</subfield>
         <subfield code="b">05-825 Grodzisk Mazowiecki</subfield>
         <subfield code="c">Województwo mazowieckie</subfield>
         <subfield code="d">Poland</subfield>
         <subfield code="m">archiwum@warszawa.ap.gov.pl</subfield>
         <subfield code="u">https://warszawa.ap.gov.pl/nasze-oddzialy/grodzisk-mazowiecki/</subfield>
      </datafield>
      <datafield tag="510" ind1="2" ind2=" ">
         <subfield code="a">State Archive in Warsaw, Branch in Grodzisk Mazowiecki</subfield>
      </datafield>
      <datafield tag="551" ind1="1" ind2=" ">
         <subfield code="a">Grodzisk Mazowiecki</subfield>
         <subfield code="0">places/50017366</subfield>
      </datafield>
   </record>