
   <record>
      <leader>00000nz  a2200000nc 4500</leader>
      <controlfield tag="001">institutions/51000597</controlfield>
      <controlfield tag="003">DE-633</controlfield>
      <controlfield tag="005">20250620052238.0</controlfield>
      <controlfield tag="008">180118||||z|||a|||||||||||||||||n||||||d</controlfield>
      <datafield tag="024" ind1="7" ind2=" ">
         <subfield code="a">130287497</subfield>
         <subfield code="2">VIAF</subfield>
      </datafield>
      <datafield tag="024" ind1="7" ind2=" ">
         <subfield code="a">PL-GSA</subfield>
         <subfield code="q">siglum</subfield>
         <subfield code="2">rism</subfield>
      </datafield>
      <datafield tag="034" ind1="1" ind2=" ">
         <subfield code="d">18.178563</subfield>
         <subfield code="f">50.428643</subfield>
      </datafield>
      <datafield tag="040" ind1=" " ind2=" ">
         <subfield code="a">DE-633</subfield>
         <subfield code="c">DE-633</subfield>
         <subfield code="e">rismg</subfield>
      </datafield>
      <datafield tag="043" ind1=" " ind2=" ">
         <subfield code="c">XA-PL</subfield>
      </datafield>
      <datafield tag="110" ind1="1" ind2=" ">
         <subfield code="a">Klasztor Zakonu Braci Mniejszych na Górze Świętej Anny</subfield>
         <subfield code="c">Góra Świętej Anny</subfield>
         <subfield code="g">PL-GSA</subfield>
      </datafield>
      <datafield tag="368" ind1=" " ind2=" ">
         <subfield code="a">Institution</subfield>
         <subfield code="a">Library</subfield>
      </datafield>
      <datafield tag="371" ind1=" " ind2=" ">
         <subfield code="a">ul. Klasztorna 6</subfield>
         <subfield code="b">Góra Św. Anny</subfield>
         <subfield code="c">Województwo opolskie</subfield>
         <subfield code="d">Poland</subfield>
         <subfield code="e">47-154</subfield>
         <subfield code="m">sanktuarium@swanna.com.pl</subfield>
         <subfield code="u">https://www.swanna.pl/</subfield>
         <subfield code="z">tel: +48 / 77 463 09 00</subfield>
         <subfield code="z">fax: +48 / 77 463 09 28</subfield>
      </datafield>
      <datafield tag="551" ind1="1" ind2=" ">
         <subfield code="a">Góra Świętej Anny</subfield>
         <subfield code="0">places/4000058</subfield>
      </datafield>
      <datafield tag="667" ind1=" " ind2=" ">
         <subfield code="a">Published sources: 981</subfield>
      </datafield>
   </record>