
   <record>
      <leader>00000nz  a2200000nc 4500</leader>
      <controlfield tag="001">institutions/51000114</controlfield>
      <controlfield tag="003">DE-633</controlfield>
      <controlfield tag="005">20250620052234.0</controlfield>
      <controlfield tag="008">170126||||z|||a|||||||||||||||||n||||||d</controlfield>
      <datafield tag="024" ind1="7" ind2=" ">
         <subfield code="a">244280923</subfield>
         <subfield code="2">VIAF</subfield>
      </datafield>
      <datafield tag="024" ind1="7" ind2=" ">
         <subfield code="a">PL-KIwbp</subfield>
         <subfield code="q">siglum</subfield>
         <subfield code="2">rism</subfield>
      </datafield>
      <datafield tag="034" ind1="1" ind2=" ">
         <subfield code="d">20.628002</subfield>
         <subfield code="f">50.861598</subfield>
      </datafield>
      <datafield tag="040" ind1=" " ind2=" ">
         <subfield code="a">DE-633</subfield>
         <subfield code="c">DE-633</subfield>
         <subfield code="e">rismg</subfield>
      </datafield>
      <datafield tag="043" ind1=" " ind2=" ">
         <subfield code="c">XA-PL</subfield>
      </datafield>
      <datafield tag="110" ind1="1" ind2=" ">
         <subfield code="a">Wojewódzka Biblioteka Publiczna im. Witolda Gombrowicza w Kielcach</subfield>
         <subfield code="c">Kielce</subfield>
         <subfield code="g">PL-KIwbp</subfield>
      </datafield>
      <datafield tag="368" ind1=" " ind2=" ">
         <subfield code="a">Institution</subfield>
         <subfield code="a">Library</subfield>
      </datafield>
      <datafield tag="371" ind1=" " ind2=" ">
         <subfield code="a">ul. ks. P. Ściegiennego 13</subfield>
         <subfield code="b">Kielce</subfield>
         <subfield code="c">Województwo świętokrzyskie</subfield>
         <subfield code="d">Poland</subfield>
         <subfield code="e">25-033</subfield>
         <subfield code="m">sekretariat@wbp.kielce.pl</subfield>
         <subfield code="u">http://www.wbp.kielce.pl/</subfield>
         <subfield code="z">tel: +48 / (0)41 / 344-70-74</subfield>
         <subfield code="z">fax: +48 / (0)41 / 344-59-21</subfield>
      </datafield>
      <datafield tag="551" ind1="1" ind2=" ">
         <subfield code="a">Kielce</subfield>
         <subfield code="0">places/3903734</subfield>
      </datafield>
   </record>