
   <record>
      <leader>00000nz  a2200000nc 4500</leader>
      <controlfield tag="001">institutions/51000446</controlfield>
      <controlfield tag="003">DE-633</controlfield>
      <controlfield tag="005">20250620052237.0</controlfield>
      <controlfield tag="008">170928||||z|||a|||||||||||||||||n||||||d</controlfield>
      <datafield tag="024" ind1="7" ind2=" ">
         <subfield code="a">135419714</subfield>
         <subfield code="2">VIAF</subfield>
      </datafield>
      <datafield tag="024" ind1="7" ind2=" ">
         <subfield code="a">Q110386531</subfield>
         <subfield code="2">WKP</subfield>
      </datafield>
      <datafield tag="024" ind1="7" ind2=" ">
         <subfield code="a">PL-KOZmzk</subfield>
         <subfield code="q">siglum</subfield>
         <subfield code="2">rism</subfield>
      </datafield>
      <datafield tag="034" ind1="1" ind2=" ">
         <subfield code="d">22.489461708751836</subfield>
         <subfield code="f">51.45963840170649</subfield>
      </datafield>
      <datafield tag="040" ind1=" " ind2=" ">
         <subfield code="a">DE-633</subfield>
         <subfield code="c">DE-633</subfield>
         <subfield code="e">rismg</subfield>
      </datafield>
      <datafield tag="043" ind1=" " ind2=" ">
         <subfield code="c">XA-PL</subfield>
      </datafield>
      <datafield tag="110" ind1="1" ind2=" ">
         <subfield code="a">Muzeum Zamoyskich w Kozłówce</subfield>
         <subfield code="c">Kozłówka (Gmina Kamionka)</subfield>
         <subfield code="g">PL-KOZmzk</subfield>
      </datafield>
      <datafield tag="368" ind1=" " ind2=" ">
         <subfield code="a">Institution</subfield>
         <subfield code="a">Library</subfield>
         <subfield code="a">Museum</subfield>
      </datafield>
      <datafield tag="371" ind1=" " ind2=" ">
         <subfield code="a">Kozłówka 3</subfield>
         <subfield code="b">21-132 Gmina Kamionka</subfield>
         <subfield code="c">Województwo lubelskie</subfield>
         <subfield code="d">Poland</subfield>
         <subfield code="m">biblioteka@muzeumzamoyskich.pl</subfield>
         <subfield code="u">http://www.muzeumzamoyskich.pl/</subfield>
         <subfield code="z">contact: Kierownik Biblioteki Elżbieta Dybała</subfield>
         <subfield code="z">tel: +48 / 81 / 8528315</subfield>
      </datafield>
      <datafield tag="551" ind1="1" ind2=" ">
         <subfield code="a">Kozłówka</subfield>
         <subfield code="0">places/4000050</subfield>
      </datafield>
      <datafield tag="551" ind1="1" ind2=" ">
         <subfield code="a">Gmina Kamionka</subfield>
         <subfield code="0">places/4000051</subfield>
      </datafield>
      <datafield tag="667" ind1=" " ind2=" ">
         <subfield code="a">Published sources: 1678</subfield>
      </datafield>
   </record>