
   <record>
      <leader>00000nz  a2200000nc 4500</leader>
      <controlfield tag="001">institutions/51007688</controlfield>
      <controlfield tag="003">DE-633</controlfield>
      <controlfield tag="005">20250620052316.0</controlfield>
      <controlfield tag="008">240115||||z|||a|||||||||||||||||n||||||d</controlfield>
      <datafield tag="024" ind1="7" ind2=" ">
         <subfield code="a">PL-Kakb</subfield>
         <subfield code="q">siglum</subfield>
         <subfield code="2">rism</subfield>
      </datafield>
      <datafield tag="034" ind1="1" ind2=" ">
         <subfield code="d">19.939596796708535</subfield>
         <subfield code="f">50.05838221510359</subfield>
      </datafield>
      <datafield tag="040" ind1=" " ind2=" ">
         <subfield code="a">DE-633</subfield>
         <subfield code="c">DE-633</subfield>
         <subfield code="e">rismg</subfield>
      </datafield>
      <datafield tag="043" ind1=" " ind2=" ">
         <subfield code="c">XA-PL</subfield>
      </datafield>
      <datafield tag="110" ind1="1" ind2=" ">
         <subfield code="a">Archiwum Klasztoru Sióstr Bernardynek przy kościele św. Józefa w Krakowie</subfield>
         <subfield code="c">Kraków</subfield>
         <subfield code="g">PL-Kakb</subfield>
      </datafield>
      <datafield tag="368" ind1=" " ind2=" ">
         <subfield code="a">Institution</subfield>
         <subfield code="a">Library</subfield>
         <subfield code="a">Archive</subfield>
      </datafield>
      <datafield tag="371" ind1=" " ind2=" ">
         <subfield code="a">ul. Poselska 21</subfield>
         <subfield code="b">31-002 Kraków</subfield>
         <subfield code="c">Województwo małopolskie</subfield>
         <subfield code="d">Poland</subfield>
         <subfield code="u">https://bernardynki.com/kontakt/</subfield>
         <subfield code="z">tel: +48 / 12 422 22 46</subfield>
      </datafield>
      <datafield tag="551" ind1="1" ind2=" ">
         <subfield code="a">Kraków</subfield>
         <subfield code="0">places/3900053</subfield>
      </datafield>
   </record>