
   <record>
      <leader>00000nz  a2200000nc 4500</leader>
      <controlfield tag="001">institutions/51007042</controlfield>
      <controlfield tag="003">DE-633</controlfield>
      <controlfield tag="005">20250620052312.0</controlfield>
      <controlfield tag="008">230122||||z|||a|||||||||||||||||n||||||d</controlfield>
      <datafield tag="024" ind1="7" ind2=" ">
         <subfield code="a">PL-Kakbc</subfield>
         <subfield code="q">siglum</subfield>
         <subfield code="2">rism</subfield>
      </datafield>
      <datafield tag="034" ind1="1" ind2=" ">
         <subfield code="d">19.94491604026469</subfield>
         <subfield code="f">50.04977765786674</subfield>
      </datafield>
      <datafield tag="040" ind1=" " ind2=" ">
         <subfield code="a">DE-633</subfield>
         <subfield code="c">DE-633</subfield>
         <subfield code="e">rismg</subfield>
      </datafield>
      <datafield tag="043" ind1=" " ind2=" ">
         <subfield code="c">XA-PL</subfield>
      </datafield>
      <datafield tag="110" ind1="1" ind2=" ">
         <subfield code="a">Archiwum kościoła Bożego Ciała</subfield>
         <subfield code="c">Kraków</subfield>
         <subfield code="g">PL-Kakbc</subfield>
      </datafield>
      <datafield tag="368" ind1=" " ind2=" ">
         <subfield code="a">Institution</subfield>
         <subfield code="a">Library</subfield>
         <subfield code="a">Archive</subfield>
      </datafield>
      <datafield tag="371" ind1=" " ind2=" ">
         <subfield code="a">Parafia Bożego Ciała w Krakowie</subfield>
         <subfield code="a">ul. Bożego Ciała 26</subfield>
         <subfield code="b">31 059 Kraków</subfield>
         <subfield code="c">Województwo małopolskie</subfield>
         <subfield code="d">Poland</subfield>
         <subfield code="m">bozecialoproboszcz@gmail.com</subfield>
         <subfield code="u">http://www.bozecialo.net/</subfield>
      </datafield>
      <datafield tag="551" ind1="1" ind2=" ">
         <subfield code="a">Kraków</subfield>
         <subfield code="0">places/3900053</subfield>
      </datafield>
   </record>