
   <record>
      <leader>00000nz  a2200000nc 4500</leader>
      <controlfield tag="001">institutions/51007689</controlfield>
      <controlfield tag="003">DE-633</controlfield>
      <controlfield tag="005">20250620052316.0</controlfield>
      <controlfield tag="008">240115||||z|||a|||||||||||||||||n||||||d</controlfield>
      <datafield tag="024" ind1="7" ind2=" ">
         <subfield code="a">PL-Kakfr</subfield>
         <subfield code="q">siglum</subfield>
         <subfield code="2">rism</subfield>
      </datafield>
      <datafield tag="034" ind1="1" ind2=" ">
         <subfield code="d">19.93589227936648</subfield>
         <subfield code="f">50.06455767411416</subfield>
      </datafield>
      <datafield tag="040" ind1=" " ind2=" ">
         <subfield code="a">DE-633</subfield>
         <subfield code="c">DE-633</subfield>
         <subfield code="e">rismg</subfield>
      </datafield>
      <datafield tag="043" ind1=" " ind2=" ">
         <subfield code="c">XA-PL</subfield>
      </datafield>
      <datafield tag="110" ind1="1" ind2=" ">
         <subfield code="a">Archiwum Klasztoru Zakonu Braci Mniejszych Ściślejszej Obserwancji (franciszkanów reformatorów) przy klasztorze i kościele św. Kazimierza w Krakowie</subfield>
         <subfield code="c">Kraków</subfield>
         <subfield code="g">PL-Kakfr</subfield>
      </datafield>
      <datafield tag="368" ind1=" " ind2=" ">
         <subfield code="a">Institution</subfield>
         <subfield code="a">Library</subfield>
         <subfield code="a">Archive</subfield>
      </datafield>
      <datafield tag="371" ind1=" " ind2=" ">
         <subfield code="a">ul. Reformacka 4</subfield>
         <subfield code="b">31-012 Kraków</subfield>
         <subfield code="c">Województwo małopolskie</subfield>
         <subfield code="d">Poland</subfield>
         <subfield code="m">ofm@ofm.krakow.pl</subfield>
         <subfield code="u">https://ofm.krakow.pl/</subfield>
      </datafield>
      <datafield tag="551" ind1="1" ind2=" ">
         <subfield code="a">Kraków</subfield>
         <subfield code="0">places/3900053</subfield>
      </datafield>
   </record>