
   <record>
      <leader>00000nz  a2200000nc 4500</leader>
      <controlfield tag="001">institutions/51007039</controlfield>
      <controlfield tag="003">DE-633</controlfield>
      <controlfield tag="005">20250620052312.0</controlfield>
      <controlfield tag="008">230121||||z|||a|||||||||||||||||n||||||d</controlfield>
      <datafield tag="024" ind1="7" ind2=" ">
         <subfield code="a">PL-La</subfield>
         <subfield code="q">siglum</subfield>
         <subfield code="2">rism</subfield>
      </datafield>
      <datafield tag="034" ind1="1" ind2=" ">
         <subfield code="d">22.56963558633357</subfield>
         <subfield code="f">51.24617447959585</subfield>
      </datafield>
      <datafield tag="040" ind1=" " ind2=" ">
         <subfield code="a">DE-633</subfield>
         <subfield code="c">DE-633</subfield>
         <subfield code="e">rismg</subfield>
      </datafield>
      <datafield tag="043" ind1=" " ind2=" ">
         <subfield code="c">XA-PL</subfield>
      </datafield>
      <datafield tag="110" ind1="1" ind2=" ">
         <subfield code="a">Archiwum Archidiecezjalne Lubelskie</subfield>
         <subfield code="c">Lublin</subfield>
         <subfield code="g">PL-La</subfield>
      </datafield>
      <datafield tag="368" ind1=" " ind2=" ">
         <subfield code="a">Institution</subfield>
         <subfield code="a">Library</subfield>
         <subfield code="a">Archive</subfield>
      </datafield>
      <datafield tag="371" ind1=" " ind2=" ">
         <subfield code="a">ul. Prymasa Stefana Wyszyńskiego 2</subfield>
         <subfield code="b">20-105 Lublin</subfield>
         <subfield code="c">Województwo lubelskie</subfield>
         <subfield code="d">Poland</subfield>
         <subfield code="m">archiwum@diecezja.lublin.pl</subfield>
         <subfield code="z">tel: +48 / 81 / 532 10 58 w. 335</subfield>
      </datafield>
      <datafield tag="551" ind1="1" ind2=" ">
         <subfield code="a">Lublin</subfield>
         <subfield code="0">places/3902233</subfield>
      </datafield>
   </record>