
   <record>
      <leader>00000nz  a2200000nc 4500</leader>
      <controlfield tag="001">institutions/51008506</controlfield>
      <controlfield tag="003">DE-633</controlfield>
      <controlfield tag="005">20250620052323.0</controlfield>
      <controlfield tag="008">250204||||z|||a|||||||||||||||||n||||||d</controlfield>
      <datafield tag="024" ind1="7" ind2=" ">
         <subfield code="a">PL-NIEap</subfield>
         <subfield code="q">siglum</subfield>
         <subfield code="2">rism</subfield>
      </datafield>
      <datafield tag="034" ind1="1" ind2=" ">
         <subfield code="d">20.21773085168766</subfield>
         <subfield code="f">50.032164947596776</subfield>
      </datafield>
      <datafield tag="040" ind1=" " ind2=" ">
         <subfield code="a">DE-633</subfield>
         <subfield code="b">ger</subfield>
         <subfield code="c">DE-633</subfield>
         <subfield code="e">rismg</subfield>
      </datafield>
      <datafield tag="043" ind1=" " ind2=" ">
         <subfield code="c">XA-PL</subfield>
      </datafield>
      <datafield tag="110" ind1="1" ind2=" ">
         <subfield code="a">Archiwum Parafii pw. Dziesięciu Tysięcy Męczenników</subfield>
         <subfield code="c">Niepołomice</subfield>
         <subfield code="g">PL-NIEap</subfield>
      </datafield>
      <datafield tag="368" ind1=" " ind2=" ">
         <subfield code="a">Institution</subfield>
         <subfield code="a">Archive</subfield>
         <subfield code="a">Library</subfield>
      </datafield>
      <datafield tag="371" ind1=" " ind2=" ">
         <subfield code="a">ul. Piękna 2</subfield>
         <subfield code="b">Niepołomice</subfield>
         <subfield code="c">Województwo małopolskie</subfield>
         <subfield code="d">Polska</subfield>
         <subfield code="e">32-005</subfield>
         <subfield code="m">kancelaria@parafianiepolomice.pl</subfield>
         <subfield code="u">https://parafianiepolomice.pl/</subfield>
         <subfield code="z">tel: +48 / 12 281 10 41, 609 811 041</subfield>
      </datafield>
      <datafield tag="551" ind1="1" ind2=" ">
         <subfield code="a">Niepołomice</subfield>
         <subfield code="0">places/50021334</subfield>
      </datafield>
   </record>