
   <record>
      <leader>00000nz  a2200000nc 4500</leader>
      <controlfield tag="001">institutions/51008705</controlfield>
      <controlfield tag="003">DE-633</controlfield>
      <controlfield tag="005">20250620052324.0</controlfield>
      <controlfield tag="008">250505||||z|||a|||||||||||||||||n||||||d</controlfield>
      <datafield tag="024" ind1="7" ind2=" ">
         <subfield code="a">11149233469476511290</subfield>
         <subfield code="2">VIAF</subfield>
      </datafield>
      <datafield tag="024" ind1="7" ind2=" ">
         <subfield code="a">PL-OPad</subfield>
         <subfield code="q">siglum</subfield>
         <subfield code="2">rism</subfield>
      </datafield>
      <datafield tag="034" ind1="1" ind2=" ">
         <subfield code="d">17.919787405098056</subfield>
         <subfield code="f">50.6718922451467</subfield>
      </datafield>
      <datafield tag="040" ind1=" " ind2=" ">
         <subfield code="a">DE-633</subfield>
         <subfield code="b">ger</subfield>
         <subfield code="c">DE-633</subfield>
         <subfield code="e">rismg</subfield>
      </datafield>
      <datafield tag="043" ind1=" " ind2=" ">
         <subfield code="c">XA-PL</subfield>
      </datafield>
      <datafield tag="110" ind1="1" ind2=" ">
         <subfield code="a">Archiwum Diecezjalne w Opolu</subfield>
         <subfield code="c">Opole</subfield>
         <subfield code="g">PL-OPad</subfield>
      </datafield>
      <datafield tag="368" ind1=" " ind2=" ">
         <subfield code="a">Institution</subfield>
         <subfield code="a">Archive</subfield>
         <subfield code="a">Library</subfield>
      </datafield>
      <datafield tag="371" ind1=" " ind2=" ">
         <subfield code="a">ul. kard. Kominka 1a</subfield>
         <subfield code="b">Opole</subfield>
         <subfield code="c">Województwo opolskie</subfield>
         <subfield code="d">Poland</subfield>
         <subfield code="e">45-032</subfield>
         <subfield code="m">archiwum@diecezja.opole.pl</subfield>
         <subfield code="u">http://archiwum.diecezja.opole.pl/</subfield>
         <subfield code="z">tel: +48 / 77 441 28 20</subfield>
         <subfield code="z">contact: Ks. dr Sebastian Krzyżanowski</subfield>
      </datafield>
      <datafield tag="551" ind1="1" ind2=" ">
         <subfield code="a">Opole</subfield>
         <subfield code="0">places/3900279</subfield>
      </datafield>
      <datafield tag="680" ind1="1" ind2=" ">
         <subfield code="a">Archiwum znajduje się w budynku Muzeum Diecezjalnego.</subfield>
      </datafield>
   </record>