
   <record>
      <leader>00000nz  a2200000nc 4500</leader>
      <controlfield tag="001">institutions/51004471</controlfield>
      <controlfield tag="003">DE-633</controlfield>
      <controlfield tag="005">20250620052256.0</controlfield>
      <controlfield tag="008">201026||||z|||a|||||||||||||||||n||||||d</controlfield>
      <datafield tag="024" ind1="7" ind2=" ">
         <subfield code="a">145253656</subfield>
         <subfield code="2">VIAF</subfield>
      </datafield>
      <datafield tag="024" ind1="7" ind2=" ">
         <subfield code="a">Q56328176</subfield>
         <subfield code="2">WKP</subfield>
      </datafield>
      <datafield tag="024" ind1="7" ind2=" ">
         <subfield code="a">PL-OPap</subfield>
         <subfield code="q">siglum</subfield>
         <subfield code="2">rism</subfield>
      </datafield>
      <datafield tag="034" ind1="1" ind2=" ">
         <subfield code="d">17.921786</subfield>
         <subfield code="f">50.667843</subfield>
      </datafield>
      <datafield tag="040" ind1=" " ind2=" ">
         <subfield code="a">DE-633</subfield>
         <subfield code="c">DE-633</subfield>
         <subfield code="e">rismg</subfield>
      </datafield>
      <datafield tag="043" ind1=" " ind2=" ">
         <subfield code="c">XA-PL</subfield>
      </datafield>
      <datafield tag="110" ind1="1" ind2=" ">
         <subfield code="a">Archiwum Państwowe w Opolu</subfield>
         <subfield code="c">Opole</subfield>
         <subfield code="g">PL-OPap</subfield>
      </datafield>
      <datafield tag="368" ind1=" " ind2=" ">
         <subfield code="a">Institution</subfield>
         <subfield code="a">Library</subfield>
         <subfield code="a">Archive</subfield>
      </datafield>
      <datafield tag="371" ind1=" " ind2=" ">
         <subfield code="a">ul. Zamkowa 2</subfield>
         <subfield code="b">Opole</subfield>
         <subfield code="c">Województwo opolskie</subfield>
         <subfield code="d">Poland</subfield>
         <subfield code="e">46-016</subfield>
         <subfield code="m">kancelaria@opole.ap.gov.pl</subfield>
         <subfield code="u">http://nowastrona.opole.ap.gov.pl/index.html</subfield>
         <subfield code="z">tel: +48 / 77 / 454 55 36</subfield>
         <subfield code="z">fax: +48 / 77 / 454 21 12</subfield>
      </datafield>
      <datafield tag="551" ind1="1" ind2=" ">
         <subfield code="a">Opole</subfield>
         <subfield code="0">places/3900279</subfield>
      </datafield>
   </record>