
   <record>
      <leader>00000nz  a2200000nc 4500</leader>
      <controlfield tag="001">institutions/51007732</controlfield>
      <controlfield tag="003">DE-633</controlfield>
      <controlfield tag="005">20250620052317.0</controlfield>
      <controlfield tag="008">240119||||z|||a|||||||||||||||||n||||||d</controlfield>
      <datafield tag="024" ind1="7" ind2=" ">
         <subfield code="a">20164114523810050134</subfield>
         <subfield code="2">VIAF</subfield>
      </datafield>
      <datafield tag="024" ind1="7" ind2=" ">
         <subfield code="a">PL-OPcbje</subfield>
         <subfield code="q">siglum</subfield>
         <subfield code="2">rism</subfield>
      </datafield>
      <datafield tag="034" ind1="1" ind2=" ">
         <subfield code="d">17.920502968707314</subfield>
         <subfield code="f">50.66878797171774</subfield>
      </datafield>
      <datafield tag="040" ind1=" " ind2=" ">
         <subfield code="a">DE-633</subfield>
         <subfield code="c">DE-633</subfield>
         <subfield code="e">rismg</subfield>
      </datafield>
      <datafield tag="043" ind1=" " ind2=" ">
         <subfield code="c">XA-PL</subfield>
      </datafield>
      <datafield tag="110" ind1="1" ind2=" ">
         <subfield code="a">Polsko-Niemieckie Centrum Bibliotek, Mediów, Kultury i Badań Naukowych im. Josepha von Eichendorffa</subfield>
         <subfield code="c">Opole</subfield>
         <subfield code="g">PL-OPcbje</subfield>
      </datafield>
      <datafield tag="368" ind1=" " ind2=" ">
         <subfield code="a">Institution</subfield>
         <subfield code="a">Library</subfield>
      </datafield>
      <datafield tag="371" ind1=" " ind2=" ">
         <subfield code="a">ul. Szpitalna 7a</subfield>
         <subfield code="b">45-010 Opole</subfield>
         <subfield code="c">Województwo opolskie</subfield>
         <subfield code="d">Polska</subfield>
         <subfield code="m">biblioteka@cbje.pl</subfield>
         <subfield code="u">https://cbje.pl/</subfield>
         <subfield code="z">tel: +48 / (0)77 / 44 11 288</subfield>
      </datafield>
      <datafield tag="510" ind1="2" ind2=" ">
         <subfield code="a">CBJE</subfield>
         <subfield code="w">d</subfield>
      </datafield>
      <datafield tag="551" ind1="1" ind2=" ">
         <subfield code="a">Opole</subfield>
         <subfield code="0">places/3900279</subfield>
      </datafield>
      <datafield tag="667" ind1=" " ind2=" ">
         <subfield code="a">Published sources: 1621</subfield>
      </datafield>
      <datafield tag="678" ind1="1" ind2=" ">
         <subfield code="a">Die Bestände St.-Peter-und-Paul-Kirche (Kreuzherren) sowie PL-NYsdb wurden im Jahre 2025 von PL-OPsm nach PL-OPcbje verbracht.</subfield>
      </datafield>
      <datafield tag="678" ind1="1" ind2=" ">
         <subfield code="a">Kolekcje kościoła św. Piotra i Pawła (Bożogrobcy) i PL-NYsdb zostały przeniesione z PL-OPsm do PL-OPcbje w 2025 roku.</subfield>
      </datafield>
   </record>