
   <record>
      <leader>00000nz  a2200000nc 4500</leader>
      <controlfield tag="001">institutions/51006057</controlfield>
      <controlfield tag="003">DE-633</controlfield>
      <controlfield tag="005">20250620052306.0</controlfield>
      <controlfield tag="008">220118||||z|||a|||||||||||||||||n||||||d</controlfield>
      <datafield tag="024" ind1="7" ind2=" ">
         <subfield code="a">27149233610576512264</subfield>
         <subfield code="2">VIAF</subfield>
      </datafield>
      <datafield tag="024" ind1="7" ind2=" ">
         <subfield code="a">PL-Od</subfield>
         <subfield code="q">siglum</subfield>
         <subfield code="2">rism</subfield>
      </datafield>
      <datafield tag="040" ind1=" " ind2=" ">
         <subfield code="a">DE-633</subfield>
         <subfield code="c">DE-633</subfield>
         <subfield code="e">rismg</subfield>
      </datafield>
      <datafield tag="043" ind1=" " ind2=" ">
         <subfield code="c">XA-PL</subfield>
      </datafield>
      <datafield tag="110" ind1="1" ind2=" ">
         <subfield code="a">Archiwum Archidiecezjalne Warmińskiej</subfield>
         <subfield code="c">Olsztyn</subfield>
         <subfield code="g">PL-Od</subfield>
      </datafield>
      <datafield tag="368" ind1=" " ind2=" ">
         <subfield code="a">Institution</subfield>
         <subfield code="a">Library</subfield>
         <subfield code="a">Archive</subfield>
      </datafield>
      <datafield tag="371" ind1=" " ind2=" ">
         <subfield code="a">ul. Kopernika 47</subfield>
         <subfield code="b">Olsztyn</subfield>
         <subfield code="c">Województwo warmińsko-mazurskie</subfield>
         <subfield code="d">Poland</subfield>
         <subfield code="e">10-512</subfield>
         <subfield code="u">https://archwarmia.pl/instytucje/archiwum-archidiecezji-warminskiej/</subfield>
         <subfield code="z">contact: ks. kan. prof. dr hab. Andrzej Kopiczko</subfield>
         <subfield code="z">tel: +48 / 89 527 51 97</subfield>
      </datafield>
      <datafield tag="410" ind1=" " ind2=" ">
         <subfield code="a">Archiwum Diecezji Warmińskiej</subfield>
      </datafield>
      <datafield tag="551" ind1="1" ind2=" ">
         <subfield code="a">Olsztyn</subfield>
         <subfield code="0">places/3902431</subfield>
      </datafield>
   </record>