
   <record>
      <leader>00000nz  a2200000nc 4500</leader>
      <controlfield tag="001">institutions/30006285</controlfield>
      <controlfield tag="003">DE-633</controlfield>
      <controlfield tag="005">20250620052046.0</controlfield>
      <controlfield tag="008">161109||||z|||a|||||||||||||||||n||||||d</controlfield>
      <datafield tag="024" ind1="7" ind2=" ">
         <subfield code="a">311330150</subfield>
         <subfield code="2">VIAF</subfield>
      </datafield>
      <datafield tag="024" ind1="7" ind2=" ">
         <subfield code="a">1041848374</subfield>
         <subfield code="2">DNB</subfield>
      </datafield>
      <datafield tag="024" ind1="7" ind2=" ">
         <subfield code="a">Q9380902</subfield>
         <subfield code="2">WKP</subfield>
      </datafield>
      <datafield tag="024" ind1="7" ind2=" ">
         <subfield code="a">PL-Osem</subfield>
         <subfield code="q">siglum</subfield>
         <subfield code="2">rism</subfield>
      </datafield>
      <datafield tag="034" ind1="1" ind2=" ">
         <subfield code="d">20.440040995687305</subfield>
         <subfield code="f">53.80288628633979</subfield>
      </datafield>
      <datafield tag="040" ind1=" " ind2=" ">
         <subfield code="a">DE-633</subfield>
         <subfield code="c">DE-633</subfield>
         <subfield code="e">rismg</subfield>
      </datafield>
      <datafield tag="043" ind1=" " ind2=" ">
         <subfield code="c">XA-PL</subfield>
      </datafield>
      <datafield tag="110" ind1="1" ind2=" ">
         <subfield code="a">Biblioteka Wyższego Seminarium Duchownego Metropolii Warmińskiej Hosianum</subfield>
         <subfield code="c">Olsztyn</subfield>
         <subfield code="g">PL-Osem</subfield>
      </datafield>
      <datafield tag="368" ind1=" " ind2=" ">
         <subfield code="a">Institution</subfield>
         <subfield code="a">Library</subfield>
      </datafield>
      <datafield tag="371" ind1=" " ind2=" ">
         <subfield code="a">ul. Kard. Stanisława Hozjusza 15</subfield>
         <subfield code="b">Olsztyn</subfield>
         <subfield code="c">Województwo warmińsko-mazurskie</subfield>
         <subfield code="d">Poland</subfield>
         <subfield code="e">11-041</subfield>
         <subfield code="m">bib.wydz.teologii@uwm.edu.pl</subfield>
         <subfield code="u">http://www.hosianum.edu.pl/</subfield>
         <subfield code="z">tel: +48 / 89 523 89 75</subfield>
         <subfield code="z">fax: +48 / 89 523 86 45</subfield>
      </datafield>
      <datafield tag="410" ind1=" " ind2=" ">
         <subfield code="a">Biblioteka Warmińskiego Seminarium Duchownego Hosianum</subfield>
      </datafield>
      <datafield tag="551" ind1="1" ind2=" ">
         <subfield code="a">Olsztyn</subfield>
         <subfield code="0">places/3902431</subfield>
      </datafield>
      <datafield tag="667" ind1=" " ind2=" ">
         <subfield code="a">Published sources: 118</subfield>
      </datafield>
   </record>