
   <record>
      <leader>00000nz  a2200000nc 4500</leader>
      <controlfield tag="001">institutions/30002094</controlfield>
      <controlfield tag="003">DE-633</controlfield>
      <controlfield tag="005">20250620052010.0</controlfield>
      <controlfield tag="008">161109||||z|||a|||||||||||||||||n||||||d</controlfield>
      <datafield tag="024" ind1="7" ind2=" ">
         <subfield code="a">PL-PE</subfield>
         <subfield code="q">siglum</subfield>
         <subfield code="2">rism</subfield>
      </datafield>
      <datafield tag="034" ind1="1" ind2=" ">
         <subfield code="d">18.694967054921406</subfield>
         <subfield code="f">53.92674247246671</subfield>
      </datafield>
      <datafield tag="040" ind1=" " ind2=" ">
         <subfield code="a">DE-633</subfield>
         <subfield code="c">DE-633</subfield>
         <subfield code="e">rismg</subfield>
      </datafield>
      <datafield tag="043" ind1=" " ind2=" ">
         <subfield code="c">XA-PL</subfield>
      </datafield>
      <datafield tag="110" ind1="1" ind2=" ">
         <subfield code="a">Wyższe Seminarium Duchowne Diecezji Pelplińskiej, Biblioteka</subfield>
         <subfield code="c">Pelplin</subfield>
         <subfield code="g">PL-PE</subfield>
      </datafield>
      <datafield tag="368" ind1=" " ind2=" ">
         <subfield code="a">Institution</subfield>
         <subfield code="a">Library</subfield>
      </datafield>
      <datafield tag="371" ind1=" " ind2=" ">
         <subfield code="a">Plac Mariacki 7</subfield>
         <subfield code="b">Pelplin</subfield>
         <subfield code="c">Województwo pomorskie</subfield>
         <subfield code="d">Poland</subfield>
         <subfield code="e">83-130</subfield>
         <subfield code="m">seminarium@diecezja-pelplin.pl</subfield>
         <subfield code="u">https://diecezja-pelplin.pl/instytucje/wyzsze-seminarium-duchowne/</subfield>
         <subfield code="z">tel: +48 / 58 536 16 64</subfield>
      </datafield>
      <datafield tag="410" ind1=" " ind2=" ">
         <subfield code="a">Higher Theological Seminary Library</subfield>
      </datafield>
      <datafield tag="410" ind1=" " ind2=" ">
         <subfield code="a">Biblioteka Biskupstwa Chełmińskiego</subfield>
      </datafield>
      <datafield tag="551" ind1="1" ind2=" ">
         <subfield code="a">Pelplin</subfield>
         <subfield code="0">places/3903356</subfield>
      </datafield>
      <datafield tag="667" ind1=" " ind2=" ">
         <subfield code="a">Published sources: 1</subfield>
      </datafield>
   </record>