
   <record>
      <leader>00000nz  a2200000nc 4500</leader>
      <controlfield tag="001">institutions/51003637</controlfield>
      <controlfield tag="003">DE-633</controlfield>
      <controlfield tag="005">20250620052251.0</controlfield>
      <controlfield tag="008">191219||||z|||a|||||||||||||||||n||||||d</controlfield>
      <datafield tag="024" ind1="7" ind2=" ">
         <subfield code="a">56149485826693421234</subfield>
         <subfield code="2">VIAF</subfield>
      </datafield>
      <datafield tag="024" ind1="7" ind2=" ">
         <subfield code="a">PL-PRUkpp</subfield>
         <subfield code="q">siglum</subfield>
         <subfield code="2">rism</subfield>
      </datafield>
      <datafield tag="034" ind1="1" ind2=" ">
         <subfield code="d">17.577769</subfield>
         <subfield code="f">50.322403</subfield>
      </datafield>
      <datafield tag="040" ind1=" " ind2=" ">
         <subfield code="a">DE-633</subfield>
         <subfield code="c">DE-633</subfield>
         <subfield code="e">rismg</subfield>
      </datafield>
      <datafield tag="043" ind1=" " ind2=" ">
         <subfield code="c">XA-PL</subfield>
      </datafield>
      <datafield tag="110" ind1="1" ind2=" ">
         <subfield code="a">Klasztor w Prudniku pw. św. Piotra i Pawła Diecezja Opolska</subfield>
         <subfield code="c">Prudnik</subfield>
         <subfield code="g">PL-PRUkpp</subfield>
      </datafield>
      <datafield tag="368" ind1=" " ind2=" ">
         <subfield code="a">Institution</subfield>
         <subfield code="a">Library</subfield>
      </datafield>
      <datafield tag="371" ind1=" " ind2=" ">
         <subfield code="a">ul. Piastowska 8</subfield>
         <subfield code="b">Prudnik</subfield>
         <subfield code="c">Województwo opolskie</subfield>
         <subfield code="d">Poland</subfield>
         <subfield code="e">48-200</subfield>
         <subfield code="m">konwentprudnik@bonifratrzy.pl</subfield>
         <subfield code="u">https://bonifratrzy.pl/klasztor-prudnik/</subfield>
         <subfield code="z">tel: +48/ 77 / 436 26 05</subfield>
      </datafield>
      <datafield tag="551" ind1="1" ind2=" ">
         <subfield code="a">Prudnik</subfield>
         <subfield code="0">places/4000107</subfield>
      </datafield>
      <datafield tag="667" ind1=" " ind2=" ">
         <subfield code="a">Published sources: 18</subfield>
      </datafield>
      <datafield tag="856" ind1="1" ind2=" ">
         <subfield code="u">http://www.johnofgod.eu/en/</subfield>
         <subfield code="z">Website on the project about the Brothers Hospitallers of St. John of God in old German Provinces (Provincia Germanica).</subfield>
      </datafield>
   </record>