
   <record>
      <leader>00000nz  a2200000nc 4500</leader>
      <controlfield tag="001">institutions/51008507</controlfield>
      <controlfield tag="003">DE-633</controlfield>
      <controlfield tag="005">20250620052323.0</controlfield>
      <controlfield tag="008">250204||||z|||a|||||||||||||||||n||||||d</controlfield>
      <datafield tag="024" ind1="7" ind2=" ">
         <subfield code="a">PL-PRZa</subfield>
         <subfield code="q">siglum</subfield>
         <subfield code="2">rism</subfield>
      </datafield>
      <datafield tag="034" ind1="1" ind2=" ">
         <subfield code="d">22.767298146006357</subfield>
         <subfield code="f">49.78127296097009</subfield>
      </datafield>
      <datafield tag="040" ind1=" " ind2=" ">
         <subfield code="a">DE-633</subfield>
         <subfield code="b">ger</subfield>
         <subfield code="c">DE-633</subfield>
         <subfield code="e">rismg</subfield>
      </datafield>
      <datafield tag="043" ind1=" " ind2=" ">
         <subfield code="c">XA-PL</subfield>
      </datafield>
      <datafield tag="110" ind1="1" ind2=" ">
         <subfield code="a">Archiwum Archidiecezji Przemyskiej w Przemyślu</subfield>
         <subfield code="c">Przemyśl</subfield>
         <subfield code="g">PL-PRZa</subfield>
      </datafield>
      <datafield tag="368" ind1=" " ind2=" ">
         <subfield code="a">Institution</subfield>
         <subfield code="a">Archive</subfield>
         <subfield code="a">Library</subfield>
      </datafield>
      <datafield tag="371" ind1=" " ind2=" ">
         <subfield code="a">Plac Katedralny 4A</subfield>
         <subfield code="b">Przemyśl</subfield>
         <subfield code="c">Województwo podkarpackie</subfield>
         <subfield code="d">Poland</subfield>
         <subfield code="e">37-700</subfield>
         <subfield code="m">archiwum@przemyska.pl</subfield>
         <subfield code="u">https://przemyska.pl/dzialalnosc-naukowo-dydaktyczna/</subfield>
         <subfield code="z">tel: +48 / 16 678 66 94</subfield>
      </datafield>
      <datafield tag="551" ind1="1" ind2=" ">
         <subfield code="a">Przemyśl</subfield>
         <subfield code="0">places/3902577</subfield>
      </datafield>
   </record>