
   <record>
      <leader>00000nz  a2200000nc 4500</leader>
      <controlfield tag="001">institutions/51007439</controlfield>
      <controlfield tag="003">DE-633</controlfield>
      <controlfield tag="005">20250620052315.0</controlfield>
      <controlfield tag="008">231009||||z|||a|||||||||||||||||n||||||d</controlfield>
      <datafield tag="024" ind1="7" ind2=" ">
         <subfield code="a">59151897230124072824</subfield>
         <subfield code="2">VIAF</subfield>
      </datafield>
      <datafield tag="024" ind1="7" ind2=" ">
         <subfield code="a">PL-PRZb</subfield>
         <subfield code="q">siglum</subfield>
         <subfield code="2">rism</subfield>
      </datafield>
      <datafield tag="034" ind1="1" ind2=" ">
         <subfield code="d">22.76693621069994</subfield>
         <subfield code="f">49.78582479587832</subfield>
      </datafield>
      <datafield tag="040" ind1=" " ind2=" ">
         <subfield code="a">DE-633</subfield>
         <subfield code="c">DE-633</subfield>
         <subfield code="e">rismg</subfield>
      </datafield>
      <datafield tag="043" ind1=" " ind2=" ">
         <subfield code="c">XA-PL</subfield>
      </datafield>
      <datafield tag="110" ind1="1" ind2=" ">
         <subfield code="a">Opactwo Benedyktynek w Przemyślu</subfield>
         <subfield code="c">Przemyśl</subfield>
         <subfield code="g">PL-PRZb</subfield>
      </datafield>
      <datafield tag="368" ind1=" " ind2=" ">
         <subfield code="a">Institution</subfield>
         <subfield code="a">Library</subfield>
      </datafield>
      <datafield tag="371" ind1=" " ind2=" ">
         <subfield code="a">ul. Pl. Konstytucji 3 Maja 8</subfield>
         <subfield code="b">37-700 Przemyśl</subfield>
         <subfield code="c">Województwo podkarpackie</subfield>
         <subfield code="d">Poland</subfield>
         <subfield code="m">benedyktynkiprzemysl@gmail.com</subfield>
         <subfield code="u">https://benedyktynkiprzemysl.com/</subfield>
         <subfield code="z">tel: +48 / 513 074 578</subfield>
      </datafield>
      <datafield tag="551" ind1="1" ind2=" ">
         <subfield code="a">Przemyśl</subfield>
         <subfield code="0">places/3902577</subfield>
      </datafield>
   </record>