
   <record>
      <leader>00000nz  a2200000nc 4500</leader>
      <controlfield tag="001">institutions/51006058</controlfield>
      <controlfield tag="003">DE-633</controlfield>
      <controlfield tag="005">20250620052306.0</controlfield>
      <controlfield tag="008">220118||||z|||a|||||||||||||||||n||||||d</controlfield>
      <datafield tag="024" ind1="7" ind2=" ">
         <subfield code="a">Q9159228</subfield>
         <subfield code="2">WKP</subfield>
      </datafield>
      <datafield tag="024" ind1="7" ind2=" ">
         <subfield code="a">1133382312</subfield>
         <subfield code="2">DNB</subfield>
      </datafield>
      <datafield tag="024" ind1="7" ind2=" ">
         <subfield code="a">PL-Pap</subfield>
         <subfield code="q">siglum</subfield>
         <subfield code="2">rism</subfield>
      </datafield>
      <datafield tag="034" ind1="1" ind2=" ">
         <subfield code="d">16.93184553362429</subfield>
         <subfield code="f">52.40976634362157</subfield>
      </datafield>
      <datafield tag="040" ind1=" " ind2=" ">
         <subfield code="a">DE-633</subfield>
         <subfield code="c">DE-633</subfield>
         <subfield code="e">rismg</subfield>
      </datafield>
      <datafield tag="043" ind1=" " ind2=" ">
         <subfield code="c">XA-PL</subfield>
      </datafield>
      <datafield tag="110" ind1="1" ind2=" ">
         <subfield code="a">Archiwum Państwowe w Poznaniu</subfield>
         <subfield code="c">Poznań</subfield>
         <subfield code="g">PL-Pap</subfield>
      </datafield>
      <datafield tag="368" ind1=" " ind2=" ">
         <subfield code="a">Institution</subfield>
         <subfield code="a">Library</subfield>
         <subfield code="a">Archive</subfield>
      </datafield>
      <datafield tag="371" ind1=" " ind2=" ">
         <subfield code="a">ul. 23 Lutego 41/43</subfield>
         <subfield code="b">Poznań</subfield>
         <subfield code="c">Województwo wielkopolskie</subfield>
         <subfield code="d">Poland</subfield>
         <subfield code="e">61-744</subfield>
         <subfield code="m">archiwum@poznan.ap.gov.pl</subfield>
         <subfield code="u">http://poznan.ap.gov.pl/</subfield>
         <subfield code="z">tel: +48 / (61) 852-46-01</subfield>
         <subfield code="z">fax: +48 / (61) 851-73-10</subfield>
      </datafield>
      <datafield tag="510" ind1="2" ind2=" ">
         <subfield code="a">State Archive in Poznań</subfield>
      </datafield>
      <datafield tag="551" ind1="1" ind2=" ">
         <subfield code="a">Poznań</subfield>
         <subfield code="0">places/3900121</subfield>
      </datafield>
      <datafield tag="667" ind1=" " ind2=" ">
         <subfield code="a">Published sources: 7</subfield>
      </datafield>
   </record>