
   <record>
      <leader>00000nz  a2200000nc 4500</leader>
      <controlfield tag="001">institutions/51008872</controlfield>
      <controlfield tag="003">DE-633</controlfield>
      <controlfield tag="005">20250701060610.0</controlfield>
      <controlfield tag="008">250630||||z|||a|||||||||||||||||n||||||d</controlfield>
      <datafield tag="024" ind1="7" ind2=" ">
         <subfield code="a">147215957</subfield>
         <subfield code="2">VIAF</subfield>
      </datafield>
      <datafield tag="024" ind1="7" ind2=" ">
         <subfield code="a">Q60855824</subfield>
         <subfield code="2">WKP</subfield>
      </datafield>
      <datafield tag="024" ind1="7" ind2=" ">
         <subfield code="a">PL-Ptmw</subfield>
         <subfield code="q">siglum</subfield>
         <subfield code="2">rism</subfield>
      </datafield>
      <datafield tag="034" ind1="1" ind2=" ">
         <subfield code="d">16.934138872287797</subfield>
         <subfield code="f">52.40669673836352</subfield>
      </datafield>
      <datafield tag="040" ind1=" " ind2=" ">
         <subfield code="a">DE-633</subfield>
         <subfield code="b">eng</subfield>
         <subfield code="c">DE-633</subfield>
         <subfield code="e">rismg</subfield>
      </datafield>
      <datafield tag="043" ind1=" " ind2=" ">
         <subfield code="c">XA-PL</subfield>
      </datafield>
      <datafield tag="110" ind1="1" ind2=" ">
         <subfield code="a">Towarzystwo Muzyczne im. Henryka Wieniawskiego w Poznaniu</subfield>
         <subfield code="c">Poznań</subfield>
         <subfield code="g">PL-Ptmw</subfield>
      </datafield>
      <datafield tag="368" ind1=" " ind2=" ">
         <subfield code="a">Institution</subfield>
         <subfield code="a">Archive</subfield>
         <subfield code="a">Library</subfield>
      </datafield>
      <datafield tag="371" ind1=" " ind2=" ">
         <subfield code="a">ul. Świętosławska 7</subfield>
         <subfield code="b">Poznań</subfield>
         <subfield code="c">Województwo wielkopolskie</subfield>
         <subfield code="d">Poland</subfield>
         <subfield code="e">61-840</subfield>
         <subfield code="m">michal@wieniawski.pl</subfield>
         <subfield code="u">https://www.wieniawski.pl/</subfield>
         <subfield code="u">https://www.wieniawski.com/</subfield>
      </datafield>
      <datafield tag="551" ind1="1" ind2=" ">
         <subfield code="a">Poznań</subfield>
         <subfield code="0">places/3900121</subfield>
      </datafield>
   </record>