
   <record>
      <leader>00000nz  a2200000nc 4500</leader>
      <controlfield tag="001">institutions/30002093</controlfield>
      <controlfield tag="003">DE-633</controlfield>
      <controlfield tag="005">20250620052010.0</controlfield>
      <controlfield tag="008">161109||||z|||a|||||||||||||||||n||||||d</controlfield>
      <datafield tag="024" ind1="7" ind2=" ">
         <subfield code="a">Q52977</subfield>
         <subfield code="2">WKP</subfield>
      </datafield>
      <datafield tag="024" ind1="7" ind2=" ">
         <subfield code="a">PL-Pu</subfield>
         <subfield code="q">siglum</subfield>
         <subfield code="2">rism</subfield>
      </datafield>
      <datafield tag="034" ind1="1" ind2=" ">
         <subfield code="d">16.92545081583303</subfield>
         <subfield code="f">52.4072981253967</subfield>
      </datafield>
      <datafield tag="040" ind1=" " ind2=" ">
         <subfield code="a">DE-633</subfield>
         <subfield code="c">DE-633</subfield>
         <subfield code="e">rismg</subfield>
      </datafield>
      <datafield tag="043" ind1=" " ind2=" ">
         <subfield code="c">XA-PL</subfield>
      </datafield>
      <datafield tag="110" ind1="1" ind2=" ">
         <subfield code="a">Biblioteka Uniwersytecka w Poznaniu. Oddział Zbiorów Specjalnych</subfield>
         <subfield code="c">Poznań</subfield>
         <subfield code="g">PL-Pu</subfield>
      </datafield>
      <datafield tag="368" ind1=" " ind2=" ">
         <subfield code="a">Institution</subfield>
         <subfield code="a">Library</subfield>
      </datafield>
      <datafield tag="371" ind1=" " ind2=" ">
         <subfield code="a">ul. Ratajczaka 38/40</subfield>
         <subfield code="b">Poznań</subfield>
         <subfield code="c">Województwo wielkopolskie</subfield>
         <subfield code="d">Poland</subfield>
         <subfield code="e">61-816</subfield>
         <subfield code="m">rafal@amu.edu.pl</subfield>
         <subfield code="u">https://lib.amu.edu.pl/oddzial-zbiorow-specjalnych/</subfield>
         <subfield code="z">contact: dr hab. Rafał Wójcik</subfield>
         <subfield code="z">tel: +48 / 61 829 3829</subfield>
      </datafield>
      <datafield tag="410" ind1=" " ind2=" ">
         <subfield code="a">Biblioteka Uniwersytecka (bis 1956 und nach 1983)</subfield>
      </datafield>
      <datafield tag="410" ind1=" " ind2=" ">
         <subfield code="a">Biblioteka Główna Uniwersytetu im. Adama Mickiewicza (1956-1983)</subfield>
      </datafield>
      <datafield tag="410" ind1=" " ind2=" ">
         <subfield code="a">Pracownia Rękopisów</subfield>
      </datafield>
      <datafield tag="410" ind1=" " ind2=" ">
         <subfield code="a">Pracownia Starych Druków</subfield>
      </datafield>
      <datafield tag="410" ind1=" " ind2=" ">
         <subfield code="a">Pracownia Zbiorów Muzycznych</subfield>
      </datafield>
      <datafield tag="410" ind1=" " ind2=" ">
         <subfield code="a">Pracownia Zbiorów Ikonograficznych</subfield>
      </datafield>
      <datafield tag="410" ind1=" " ind2=" ">
         <subfield code="a">Pracownia Zbiorów Masońskich</subfield>
      </datafield>
      <datafield tag="410" ind1=" " ind2=" ">
         <subfield code="a">Pracownia Dokumentów Życia Społecznego</subfield>
      </datafield>
      <datafield tag="410" ind1=" " ind2=" ">
         <subfield code="a">Pracownia Regionalnego Zasobu Bibliotecznego</subfield>
      </datafield>
      <datafield tag="510" ind1="2" ind2=" ">
         <subfield code="a">Library of the Adam Mickiewicz University in Poznań</subfield>
      </datafield>
      <datafield tag="510" ind1="2" ind2=" ">
         <subfield code="a">Poznań University Library. Special Collections Department</subfield>
      </datafield>
      <datafield tag="551" ind1="1" ind2=" ">
         <subfield code="a">Poznań</subfield>
         <subfield code="0">places/3900121</subfield>
      </datafield>
      <datafield tag="667" ind1=" " ind2=" ">
         <subfield code="a">Published sources: 204</subfield>
      </datafield>
      <datafield tag="680" ind1="1" ind2=" ">
         <subfield code="a">The Special Collections Department of the Poznań University Library houses several subdivisions (= pracownia) listed above. All these subdivisions hold music sources or music related material.</subfield>
      </datafield>
   </record>