
   <record>
      <leader>00000nz  a2200000nc 4500</leader>
      <controlfield tag="001">institutions/30003584</controlfield>
      <controlfield tag="003">DE-633</controlfield>
      <controlfield tag="005">20250620052022.0</controlfield>
      <controlfield tag="008">161109||||z|||a|||||||||||||||||n||||||d</controlfield>
      <datafield tag="024" ind1="7" ind2=" ">
         <subfield code="a">164139083</subfield>
         <subfield code="2">VIAF</subfield>
      </datafield>
      <datafield tag="024" ind1="7" ind2=" ">
         <subfield code="a">Q9170764</subfield>
         <subfield code="2">WKP</subfield>
      </datafield>
      <datafield tag="024" ind1="7" ind2=" ">
         <subfield code="a">PL-SA</subfield>
         <subfield code="q">siglum</subfield>
         <subfield code="2">rism</subfield>
      </datafield>
      <datafield tag="034" ind1="1" ind2=" ">
         <subfield code="d">21.748508469430686</subfield>
         <subfield code="f">50.683176374736604</subfield>
      </datafield>
      <datafield tag="040" ind1=" " ind2=" ">
         <subfield code="a">DE-633</subfield>
         <subfield code="c">DE-633</subfield>
         <subfield code="e">rismg</subfield>
      </datafield>
      <datafield tag="043" ind1=" " ind2=" ">
         <subfield code="c">XA-PL</subfield>
      </datafield>
      <datafield tag="110" ind1="1" ind2=" ">
         <subfield code="a">Biblioteka Diecezjalna w Sandomierzu</subfield>
         <subfield code="c">Sandomierz</subfield>
         <subfield code="g">PL-SA</subfield>
      </datafield>
      <datafield tag="368" ind1=" " ind2=" ">
         <subfield code="a">Institution</subfield>
         <subfield code="a">Library</subfield>
      </datafield>
      <datafield tag="371" ind1=" " ind2=" ">
         <subfield code="a">ul. Żeromskiego 6</subfield>
         <subfield code="b">27-600 Sandomierz</subfield>
         <subfield code="c">Województwo świętokrzyskie</subfield>
         <subfield code="d">Poland</subfield>
         <subfield code="m">biblioteka@bdsandomierz.pl</subfield>
         <subfield code="u">https://bdsandomierz.pl/</subfield>
         <subfield code="z">tel: +48 / 15 832 07 09</subfield>
      </datafield>
      <datafield tag="410" ind1=" " ind2=" ">
         <subfield code="a">früher: Biblioteka Wyżego Seminarium Duchownego</subfield>
      </datafield>
      <datafield tag="410" ind1=" " ind2=" ">
         <subfield code="a">Higher Theological Seminary Library</subfield>
      </datafield>
      <datafield tag="510" ind1="2" ind2=" ">
         <subfield code="a">Diocesan Library of Sandomierz</subfield>
      </datafield>
      <datafield tag="551" ind1="1" ind2=" ">
         <subfield code="a">Sandomierz</subfield>
         <subfield code="0">places/3903847</subfield>
      </datafield>
      <datafield tag="667" ind1=" " ind2=" ">
         <subfield code="a">Published sources: 2471</subfield>
      </datafield>
      <datafield tag="710" ind1="1" ind2=" ">
         <subfield code="a">Archiwum Klasztoru Pijarów, Waręż</subfield>
         <subfield code="0">institutions/30076739</subfield>
      </datafield>
   </record>