
   <record>
      <leader>00000nz  a2200000nc 4500</leader>
      <controlfield tag="001">institutions/51007036</controlfield>
      <controlfield tag="003">DE-633</controlfield>
      <controlfield tag="005">20250620052312.0</controlfield>
      <controlfield tag="008">230121||||z|||a|||||||||||||||||n||||||d</controlfield>
      <datafield tag="024" ind1="7" ind2=" ">
         <subfield code="a">PL-SIEad</subfield>
         <subfield code="q">siglum</subfield>
         <subfield code="2">rism</subfield>
      </datafield>
      <datafield tag="034" ind1="1" ind2=" ">
         <subfield code="d">22.273073669176153</subfield>
         <subfield code="f">52.16808179925167</subfield>
      </datafield>
      <datafield tag="040" ind1=" " ind2=" ">
         <subfield code="a">DE-633</subfield>
         <subfield code="c">DE-633</subfield>
         <subfield code="e">rismg</subfield>
      </datafield>
      <datafield tag="043" ind1=" " ind2=" ">
         <subfield code="c">XA-PL</subfield>
      </datafield>
      <datafield tag="110" ind1="1" ind2=" ">
         <subfield code="a">Archiwum Diecezji Siedleckiej</subfield>
         <subfield code="c">Siedlce</subfield>
         <subfield code="g">PL-SIEad</subfield>
      </datafield>
      <datafield tag="368" ind1=" " ind2=" ">
         <subfield code="a">Institution</subfield>
         <subfield code="a">Library</subfield>
         <subfield code="a">Archive</subfield>
      </datafield>
      <datafield tag="371" ind1=" " ind2=" ">
         <subfield code="a">ul. Piłsudskiego 64</subfield>
         <subfield code="b">08-110 Siedlce</subfield>
         <subfield code="c">Województwo mazowieckie</subfield>
         <subfield code="d">Poland</subfield>
         <subfield code="m">archiwum@ks.internetdsl.pl</subfield>
         <subfield code="z">tel: +48 / 25 / 632-31-26</subfield>
         <subfield code="z">fax: +48 / 25 / 644-87-44</subfield>
      </datafield>
      <datafield tag="551" ind1="1" ind2=" ">
         <subfield code="a">Siedlce</subfield>
         <subfield code="0">places/3902401</subfield>
      </datafield>
   </record>