
   <record>
      <leader>00000nz  a2200000nc 4500</leader>
      <controlfield tag="001">institutions/51007692</controlfield>
      <controlfield tag="003">DE-633</controlfield>
      <controlfield tag="005">20250620052316.0</controlfield>
      <controlfield tag="008">240115||||z|||a|||||||||||||||||n||||||d</controlfield>
      <datafield tag="024" ind1="7" ind2=" ">
         <subfield code="a">PL-STap</subfield>
         <subfield code="q">siglum</subfield>
         <subfield code="2">rism</subfield>
      </datafield>
      <datafield tag="034" ind1="1" ind2=" ">
         <subfield code="d">21.78508510280328</subfield>
         <subfield code="f">49.86776319268799</subfield>
      </datafield>
      <datafield tag="040" ind1=" " ind2=" ">
         <subfield code="a">DE-633</subfield>
         <subfield code="c">DE-633</subfield>
         <subfield code="e">rismg</subfield>
      </datafield>
      <datafield tag="043" ind1=" " ind2=" ">
         <subfield code="c">XA-PL</subfield>
      </datafield>
      <datafield tag="110" ind1="1" ind2=" ">
         <subfield code="a">Archiwum parafii pw. Niepokalanego Poczęcia NMP i Bożego Ciała w Strzyżowie</subfield>
         <subfield code="c">Strzyżów</subfield>
         <subfield code="g">PL-STap</subfield>
      </datafield>
      <datafield tag="368" ind1=" " ind2=" ">
         <subfield code="a">Institution</subfield>
         <subfield code="a">Library</subfield>
         <subfield code="a">Archive</subfield>
      </datafield>
      <datafield tag="371" ind1=" " ind2=" ">
         <subfield code="a">ul. Przekopna 1</subfield>
         <subfield code="b">38-100 Strzyżów</subfield>
         <subfield code="c">Województwo podkarpackie</subfield>
         <subfield code="d">Poland</subfield>
         <subfield code="m">farastrzyzow@gmail.com</subfield>
         <subfield code="u">http://www.strzyzowfara.parafia.info.pl/</subfield>
      </datafield>
      <datafield tag="551" ind1="1" ind2=" ">
         <subfield code="a">Strzyżów</subfield>
         <subfield code="0">places/50020684</subfield>
      </datafield>
   </record>