
   <record>
      <leader>00000nz  a2200000nc 4500</leader>
      <controlfield tag="001">institutions/51006066</controlfield>
      <controlfield tag="003">DE-633</controlfield>
      <controlfield tag="005">20250620052306.0</controlfield>
      <controlfield tag="008">220119||||z|||a|||||||||||||||||n||||||d</controlfield>
      <datafield tag="024" ind1="7" ind2=" ">
         <subfield code="a">164205493</subfield>
         <subfield code="2">VIAF</subfield>
      </datafield>
      <datafield tag="024" ind1="7" ind2=" ">
         <subfield code="a">PL-TAmbp</subfield>
         <subfield code="q">siglum</subfield>
         <subfield code="2">rism</subfield>
      </datafield>
      <datafield tag="034" ind1="1" ind2=" ">
         <subfield code="d">20.984214575869345</subfield>
         <subfield code="f">50.01149821875726</subfield>
      </datafield>
      <datafield tag="040" ind1=" " ind2=" ">
         <subfield code="a">DE-633</subfield>
         <subfield code="c">DE-633</subfield>
         <subfield code="e">rismg</subfield>
      </datafield>
      <datafield tag="043" ind1=" " ind2=" ">
         <subfield code="c">XA-PL</subfield>
      </datafield>
      <datafield tag="110" ind1="1" ind2=" ">
         <subfield code="a">Miejska Biblioteka Publiczna im. Juliusza Słowackiego, Dział Starych Druków i Książki XIX-wieczne</subfield>
         <subfield code="c">Tarnów</subfield>
         <subfield code="g">PL-TAmbp</subfield>
      </datafield>
      <datafield tag="368" ind1=" " ind2=" ">
         <subfield code="a">Institution</subfield>
         <subfield code="a">Library</subfield>
      </datafield>
      <datafield tag="371" ind1=" " ind2=" ">
         <subfield code="a">ul. Krakowska 4</subfield>
         <subfield code="b">Tarnów</subfield>
         <subfield code="d">Poland</subfield>
         <subfield code="e">33-100</subfield>
         <subfield code="m">sd@biblioteka.tarnow.pl</subfield>
         <subfield code="u">https://www.biblioteka.tarnow.pl/dzial-starych-drukow-i-ksiazki-xix-wiecznej</subfield>
         <subfield code="z">tel: +48 / 14 688 80 21 w. 24</subfield>
      </datafield>
      <datafield tag="551" ind1="1" ind2=" ">
         <subfield code="a">Tarnów</subfield>
         <subfield code="0">places/4000187</subfield>
      </datafield>
   </record>