
   <record>
      <leader>00000nz  a2200000nc 4500</leader>
      <controlfield tag="001">institutions/51008509</controlfield>
      <controlfield tag="003">DE-633</controlfield>
      <controlfield tag="005">20250620052323.0</controlfield>
      <controlfield tag="008">250204||||z|||a|||||||||||||||||n||||||d</controlfield>
      <datafield tag="024" ind1="7" ind2=" ">
         <subfield code="a">Q30906039</subfield>
         <subfield code="2">WKP</subfield>
      </datafield>
      <datafield tag="024" ind1="7" ind2=" ">
         <subfield code="a">PL-Taadd</subfield>
         <subfield code="q">siglum</subfield>
         <subfield code="2">rism</subfield>
      </datafield>
      <datafield tag="034" ind1="1" ind2=" ">
         <subfield code="d">18.58118106495591</subfield>
         <subfield code="f">53.01766074463453</subfield>
      </datafield>
      <datafield tag="040" ind1=" " ind2=" ">
         <subfield code="a">DE-633</subfield>
         <subfield code="b">ger</subfield>
         <subfield code="c">DE-633</subfield>
         <subfield code="e">rismg</subfield>
      </datafield>
      <datafield tag="043" ind1=" " ind2=" ">
         <subfield code="c">XA-PL</subfield>
      </datafield>
      <datafield tag="110" ind1="1" ind2=" ">
         <subfield code="a">Archiwum Akt Dawnych Diecezji Toruńskiej</subfield>
         <subfield code="c">Toruń</subfield>
         <subfield code="g">PL-Taadd</subfield>
      </datafield>
      <datafield tag="368" ind1=" " ind2=" ">
         <subfield code="a">Institution</subfield>
         <subfield code="a">Archive</subfield>
         <subfield code="a">Library</subfield>
      </datafield>
      <datafield tag="371" ind1=" " ind2=" ">
         <subfield code="a">pl. ks. Stefana Wincentego Frelichowskiego 1</subfield>
         <subfield code="b">Toruń</subfield>
         <subfield code="c">Województwo kujawsko-pomorskie</subfield>
         <subfield code="d">Polska</subfield>
         <subfield code="e">87-100</subfield>
         <subfield code="m">archiwum_to@diecezja.torun.pl</subfield>
         <subfield code="u">https://www.archiwum.diecezja.torun.pl/</subfield>
         <subfield code="z">tel: +48 / 56 658 46 32</subfield>
      </datafield>
      <datafield tag="551" ind1="1" ind2=" ">
         <subfield code="a">Toruń</subfield>
         <subfield code="0">places/4000189</subfield>
      </datafield>
   </record>