
   <record>
      <leader>00000nz  a2200000nc 4500</leader>
      <controlfield tag="001">institutions/51005091</controlfield>
      <controlfield tag="003">DE-633</controlfield>
      <controlfield tag="005">20250620052259.0</controlfield>
      <controlfield tag="008">210409||||z|||a|||||||||||||||||n||||||d</controlfield>
      <datafield tag="024" ind1="7" ind2=" ">
         <subfield code="a">133966719</subfield>
         <subfield code="2">VIAF</subfield>
      </datafield>
      <datafield tag="024" ind1="7" ind2=" ">
         <subfield code="a">PL-WRab</subfield>
         <subfield code="q">siglum</subfield>
         <subfield code="2">rism</subfield>
      </datafield>
      <datafield tag="034" ind1="1" ind2=" ">
         <subfield code="d">17.026406940490883</subfield>
         <subfield code="f">51.1128568795723</subfield>
      </datafield>
      <datafield tag="040" ind1=" " ind2=" ">
         <subfield code="a">DE-633</subfield>
         <subfield code="c">DE-633</subfield>
         <subfield code="e">rismg</subfield>
      </datafield>
      <datafield tag="043" ind1=" " ind2=" ">
         <subfield code="c">XA-PL</subfield>
      </datafield>
      <datafield tag="110" ind1="1" ind2=" ">
         <subfield code="a">Archiwum Budowlane Miasta Wrocławia</subfield>
         <subfield code="c">Wrocław</subfield>
         <subfield code="g">PL-WRab</subfield>
      </datafield>
      <datafield tag="368" ind1=" " ind2=" ">
         <subfield code="a">Institution</subfield>
         <subfield code="a">Library</subfield>
         <subfield code="a">Archive</subfield>
      </datafield>
      <datafield tag="371" ind1=" " ind2=" ">
         <subfield code="a">Cieszyńskiego 9</subfield>
         <subfield code="b">Wrocław</subfield>
         <subfield code="c">Województwo dolnośląskie</subfield>
         <subfield code="d">Poland</subfield>
         <subfield code="e">50-136</subfield>
         <subfield code="m">czytelnia@ma.wroc.pl</subfield>
         <subfield code="u">http://ma.wroc.pl/pl/archiwum-budowlane/o-archiwum/</subfield>
         <subfield code="z">tel: +48 / 71 / 347-16-96</subfield>
      </datafield>
      <datafield tag="510" ind1="2" ind2=" ">
         <subfield code="a">Muzeum Architektury we Wrocławiu</subfield>
      </datafield>
      <datafield tag="551" ind1="1" ind2=" ">
         <subfield code="a">Wrocław</subfield>
         <subfield code="0">places/3900035</subfield>
      </datafield>
      <datafield tag="667" ind1=" " ind2=" ">
         <subfield code="a">Published sources: 1</subfield>
      </datafield>
   </record>