
   <record>
      <leader>00000nz  a2200000nc 4500</leader>
      <controlfield tag="001">institutions/51003292</controlfield>
      <controlfield tag="003">DE-633</controlfield>
      <controlfield tag="005">20250620052249.0</controlfield>
      <controlfield tag="008">190923||||z|||a|||||||||||||||||n||||||d</controlfield>
      <datafield tag="024" ind1="7" ind2=" ">
         <subfield code="a">PL-WRap</subfield>
         <subfield code="q">siglum</subfield>
         <subfield code="2">rism</subfield>
      </datafield>
      <datafield tag="034" ind1="1" ind2=" ">
         <subfield code="d">17.031067</subfield>
         <subfield code="f">51.116300</subfield>
      </datafield>
      <datafield tag="040" ind1=" " ind2=" ">
         <subfield code="a">DE-633</subfield>
         <subfield code="c">DE-633</subfield>
         <subfield code="e">rismg</subfield>
      </datafield>
      <datafield tag="043" ind1=" " ind2=" ">
         <subfield code="c">XA-PL</subfield>
      </datafield>
      <datafield tag="110" ind1="1" ind2=" ">
         <subfield code="a">Archiwum Państwowe we Wrocławiu</subfield>
         <subfield code="c">Wrocław</subfield>
         <subfield code="g">PL-WRap</subfield>
      </datafield>
      <datafield tag="368" ind1=" " ind2=" ">
         <subfield code="a">Institution</subfield>
         <subfield code="a">Library</subfield>
         <subfield code="a">Archive</subfield>
      </datafield>
      <datafield tag="371" ind1=" " ind2=" ">
         <subfield code="a">ul. Pomorska 2</subfield>
         <subfield code="b">Wrocław</subfield>
         <subfield code="d">Poland</subfield>
         <subfield code="e">50-215</subfield>
         <subfield code="m">sekretariat@ap.wroc.pl</subfield>
         <subfield code="u">https://www.ap.wroc.pl/</subfield>
         <subfield code="z">tel: +48 / 71 / 3288101</subfield>
         <subfield code="z">fax: +48 / 71 / 3288045</subfield>
      </datafield>
      <datafield tag="551" ind1="1" ind2=" ">
         <subfield code="a">Wrocław</subfield>
         <subfield code="0">places/3900035</subfield>
      </datafield>
   </record>