
   <record>
      <leader>00000nz  a2200000nc 4500</leader>
      <controlfield tag="001">institutions/30070430</controlfield>
      <controlfield tag="003">DE-633</controlfield>
      <controlfield tag="005">20250620052106.0</controlfield>
      <controlfield tag="008">161109||||z|||a|||||||||||||||||n||||||d</controlfield>
      <datafield tag="024" ind1="7" ind2=" ">
         <subfield code="a">PL-WRptl</subfield>
         <subfield code="q">siglum</subfield>
         <subfield code="2">rism</subfield>
      </datafield>
      <datafield tag="034" ind1="2" ind2=" ">
         <subfield code="d">17.0385376</subfield>
         <subfield code="f">51.1078852</subfield>
      </datafield>
      <datafield tag="040" ind1=" " ind2=" ">
         <subfield code="a">DE-633</subfield>
         <subfield code="c">DE-633</subfield>
         <subfield code="e">rismg</subfield>
      </datafield>
      <datafield tag="043" ind1=" " ind2=" ">
         <subfield code="c">XA-PL</subfield>
      </datafield>
      <datafield tag="110" ind1="2" ind2=" ">
         <subfield code="a">Oddział Polskiego Towarzystwa Ludoznawczego we Wrocławiu, Biblioteka naukowa im. Jana Czekanowskiego</subfield>
         <subfield code="c">Wrocław</subfield>
         <subfield code="g">PL-WRptl</subfield>
      </datafield>
      <datafield tag="368" ind1=" " ind2=" ">
         <subfield code="a">Library</subfield>
      </datafield>
      <datafield tag="368" ind1=" " ind2=" ">
         <subfield code="a">Institution</subfield>
      </datafield>
      <datafield tag="371" ind1=" " ind2=" ">
         <subfield code="a">Oddział Polskiego Towarzystwa, Ludoznawczego we Wrocławiu, Biblioteka, naukowa im. Jana Czekanowskiego, ul. Szczytnicka 11, 50-382 Wrocław, Poland</subfield>
         <subfield code="u">http://www.ptl.info.pl/</subfield>
      </datafield>
      <datafield tag="410" ind1="2" ind2=" ">
         <subfield code="a">Katedra Etnologii i Antropologii Kulturowej Uniwersytetu Wrocławskiego</subfield>
      </datafield>
      <datafield tag="551" ind1=" " ind2=" ">
         <subfield code="a">Wrocław</subfield>
         <subfield code="0">places/3900035</subfield>
      </datafield>
   </record>