
   <record>
      <leader>00000nz  a2200000nc 4500</leader>
      <controlfield tag="001">institutions/30002111</controlfield>
      <controlfield tag="003">DE-633</controlfield>
      <controlfield tag="005">20250620052010.0</controlfield>
      <controlfield tag="008">161109||||z|||a|||||||||||||||||n||||||d</controlfield>
      <datafield tag="024" ind1="7" ind2=" ">
         <subfield code="a">124903538</subfield>
         <subfield code="2">VIAF</subfield>
      </datafield>
      <datafield tag="024" ind1="7" ind2=" ">
         <subfield code="a">Q1720553</subfield>
         <subfield code="2">WKP</subfield>
      </datafield>
      <datafield tag="024" ind1="7" ind2=" ">
         <subfield code="a">PL-WRu</subfield>
         <subfield code="q">siglum</subfield>
         <subfield code="2">rism</subfield>
      </datafield>
      <datafield tag="034" ind1="1" ind2=" ">
         <subfield code="d">17.050359475509506</subfield>
         <subfield code="f">51.11214816236686</subfield>
      </datafield>
      <datafield tag="040" ind1=" " ind2=" ">
         <subfield code="a">DE-633</subfield>
         <subfield code="c">DE-633</subfield>
         <subfield code="e">rismg</subfield>
      </datafield>
      <datafield tag="043" ind1=" " ind2=" ">
         <subfield code="c">XA-PL</subfield>
      </datafield>
      <datafield tag="110" ind1="1" ind2=" ">
         <subfield code="a">Biblioteka Uniwersytecka</subfield>
         <subfield code="c">Wrocław</subfield>
         <subfield code="g">PL-WRu</subfield>
      </datafield>
      <datafield tag="368" ind1=" " ind2=" ">
         <subfield code="a">Institution</subfield>
         <subfield code="a">Library</subfield>
      </datafield>
      <datafield tag="371" ind1=" " ind2=" ">
         <subfield code="a">Oddział Zbiorów Muzycznych</subfield>
         <subfield code="a">ul. Fryderyka Joliot-Curie 12</subfield>
         <subfield code="b">50-383 Wrocław</subfield>
         <subfield code="c">Województwo dolnośląskie</subfield>
         <subfield code="d">Poland</subfield>
         <subfield code="m">miroslaw.osowski@uwr.edu.pl</subfield>
         <subfield code="u">https://www.bu.uni.wroc.pl/oddzialy/curie-zbiory-specjalne/oddzial-zbiorow-muzycznych</subfield>
         <subfield code="z">tel: +48 / 71 / 37 52 425</subfield>
         <subfield code="z">contact: Mirosław Osowski</subfield>
      </datafield>
      <datafield tag="371" ind1=" " ind2=" ">
         <subfield code="a">Oddział Starych Druków</subfield>
         <subfield code="a">ul. Fryderyka Joliot-Curie 12</subfield>
         <subfield code="b">50-383 Wrocław</subfield>
         <subfield code="c">Województwo dolnośląskie</subfield>
         <subfield code="d">Poland</subfield>
         <subfield code="m">osd.bu@uwr.edu.pl</subfield>
         <subfield code="u">http://www.bu.uni.wroc.pl/oddzialy/piasek/oddzial-starych-drukow</subfield>
         <subfield code="z">tel: +48 / 71 / 37 52 419</subfield>
      </datafield>
      <datafield tag="410" ind1=" " ind2=" ">
         <subfield code="a">Oddział Zbiorów Muzycznych</subfield>
      </datafield>
      <datafield tag="410" ind1=" " ind2=" ">
         <subfield code="a">Oddział Starych Druków</subfield>
      </datafield>
      <datafield tag="510" ind1="2" ind2=" ">
         <subfield code="a">Wrocław University Library</subfield>
      </datafield>
      <datafield tag="510" ind1="2" ind2=" ">
         <subfield code="a">Department of Music Collections</subfield>
      </datafield>
      <datafield tag="510" ind1="2" ind2=" ">
         <subfield code="a">Department of Old Prints</subfield>
      </datafield>
      <datafield tag="551" ind1="1" ind2=" ">
         <subfield code="a">Wrocław</subfield>
         <subfield code="0">places/3900035</subfield>
      </datafield>
      <datafield tag="667" ind1=" " ind2=" ">
         <subfield code="a">Published sources: 12077</subfield>
      </datafield>
      <datafield tag="680" ind1="1" ind2=" ">
         <subfield code="a">Titel der Serien A/I und A/II befinden sich in der Musikabteilung. Die ältesten Musikdrucke (16. und 17. Jahrhundert) sowie Titel der Serie B befinden sich in der Abteilung für alte Drucke. Nur ein Titel der Serie B, vol.VII mit der Sign. Ms. Mf. 2002 befindet sich in der Musikabteilung.</subfield>
      </datafield>
      <datafield tag="710" ind1="1" ind2=" ">
         <subfield code="a">Seminarium Duchowne, Siedlce</subfield>
         <subfield code="0">institutions/30076936</subfield>
      </datafield>
      <datafield tag="710" ind1="1" ind2=" ">
         <subfield code="a">Bibliotheca Rudolphina</subfield>
         <subfield code="0">institutions/30076123</subfield>
      </datafield>
   </record>