
   <record>
      <leader>00000nz  a2200000nc 4500</leader>
      <controlfield tag="001">institutions/30004505</controlfield>
      <controlfield tag="003">DE-633</controlfield>
      <controlfield tag="005">20250620052030.0</controlfield>
      <controlfield tag="008">161109||||z|||a|||||||||||||||||n||||||d</controlfield>
      <datafield tag="024" ind1="7" ind2=" ">
         <subfield code="a">1074159156314612180001</subfield>
         <subfield code="2">VIAF</subfield>
      </datafield>
      <datafield tag="024" ind1="7" ind2=" ">
         <subfield code="a">PL-Was</subfield>
         <subfield code="q">siglum</subfield>
         <subfield code="z">PL-Wsm</subfield>
         <subfield code="2">rism</subfield>
      </datafield>
      <datafield tag="034" ind1="1" ind2=" ">
         <subfield code="d">21.01549829173132</subfield>
         <subfield code="f">52.24358480461192</subfield>
      </datafield>
      <datafield tag="040" ind1=" " ind2=" ">
         <subfield code="a">DE-633</subfield>
         <subfield code="c">DE-633</subfield>
         <subfield code="e">rismg</subfield>
      </datafield>
      <datafield tag="043" ind1=" " ind2=" ">
         <subfield code="c">XA-PL</subfield>
      </datafield>
      <datafield tag="110" ind1="1" ind2=" ">
         <subfield code="a">Biblioteka Seminarium Metropolitalnego Archidiecezji Warszawskiej</subfield>
         <subfield code="c">Warszawa</subfield>
         <subfield code="g">PL-Was</subfield>
      </datafield>
      <datafield tag="368" ind1=" " ind2=" ">
         <subfield code="a">Institution</subfield>
         <subfield code="a">Library</subfield>
      </datafield>
      <datafield tag="371" ind1=" " ind2=" ">
         <subfield code="a">ul. Krakowskie Przedmieście 52/54</subfield>
         <subfield code="b">Warszawa</subfield>
         <subfield code="d">Poland</subfield>
         <subfield code="e">00-322</subfield>
         <subfield code="m">biblioteka@wmsd.waw.pl</subfield>
         <subfield code="u">https://biblioteka.wmsd.waw.pl/</subfield>
         <subfield code="z">tel: +48 / 22 55 66 159</subfield>
      </datafield>
      <datafield tag="410" ind1=" " ind2=" ">
         <subfield code="a">Biblioteka Wyższego Metropolitalnego Seminarium Duchownego św. Jana Chrzciciela w Warszawie</subfield>
      </datafield>
      <datafield tag="551" ind1="1" ind2=" ">
         <subfield code="a">Warszawa</subfield>
         <subfield code="0">places/3900368</subfield>
      </datafield>
   </record>