
   <record>
      <leader>00000nz  a2200000nc 4500</leader>
      <controlfield tag="001">institutions/51004990</controlfield>
      <controlfield tag="003">DE-633</controlfield>
      <controlfield tag="005">20250620052259.0</controlfield>
      <controlfield tag="008">210316||||z|||a|||||||||||||||||n||||||d</controlfield>
      <datafield tag="024" ind1="7" ind2=" ">
         <subfield code="a">PL-Wfts</subfield>
         <subfield code="q">siglum</subfield>
         <subfield code="2">rism</subfield>
      </datafield>
      <datafield tag="034" ind1="1" ind2=" ">
         <subfield code="d">21.034474198178636</subfield>
         <subfield code="f">52.22630867975972</subfield>
      </datafield>
      <datafield tag="040" ind1=" " ind2=" ">
         <subfield code="a">DE-633</subfield>
         <subfield code="c">DE-633</subfield>
         <subfield code="e">rismg</subfield>
      </datafield>
      <datafield tag="043" ind1=" " ind2=" ">
         <subfield code="c">XA-PL</subfield>
      </datafield>
      <datafield tag="110" ind1="1" ind2=" ">
         <subfield code="a">Fundacja Imienia Tomasza Stańko</subfield>
         <subfield code="c">Warszawa</subfield>
         <subfield code="g">PL-Wfts</subfield>
      </datafield>
      <datafield tag="368" ind1=" " ind2=" ">
         <subfield code="a">Institution</subfield>
         <subfield code="a">Library</subfield>
         <subfield code="a">Archive</subfield>
      </datafield>
      <datafield tag="371" ind1=" " ind2=" ">
         <subfield code="a">Rozbrat 34/36 / 114</subfield>
         <subfield code="b">Warszawa</subfield>
         <subfield code="d">Poland</subfield>
         <subfield code="e">00-429</subfield>
         <subfield code="m">ASA@TOMASZSTANKO.COM</subfield>
         <subfield code="u">http://archive.tomaszstanko.com/en/</subfield>
      </datafield>
      <datafield tag="510" ind1="2" ind2=" ">
         <subfield code="a">Tomasz Stańko Foundation</subfield>
      </datafield>
      <datafield tag="551" ind1="1" ind2=" ">
         <subfield code="a">Warszawa</subfield>
         <subfield code="0">places/3900368</subfield>
      </datafield>
   </record>