
   <record>
      <leader>00000nz  a2200000nc 4500</leader>
      <controlfield tag="001">institutions/30002103</controlfield>
      <controlfield tag="003">DE-633</controlfield>
      <controlfield tag="005">20250620052010.0</controlfield>
      <controlfield tag="008">161109||||z|||a|||||||||||||||||n||||||d</controlfield>
      <datafield tag="024" ind1="7" ind2=" ">
         <subfield code="a">131113330</subfield>
         <subfield code="2">VIAF</subfield>
      </datafield>
      <datafield tag="024" ind1="7" ind2=" ">
         <subfield code="a">Q1576755</subfield>
         <subfield code="2">WKP</subfield>
      </datafield>
      <datafield tag="024" ind1="7" ind2=" ">
         <subfield code="a">PL-Wu</subfield>
         <subfield code="q">siglum</subfield>
         <subfield code="2">rism</subfield>
      </datafield>
      <datafield tag="034" ind1="1" ind2=" ">
         <subfield code="d">21.024773420961328</subfield>
         <subfield code="f">52.24256705121475</subfield>
      </datafield>
      <datafield tag="040" ind1=" " ind2=" ">
         <subfield code="a">DE-633</subfield>
         <subfield code="c">DE-633</subfield>
         <subfield code="e">rismg</subfield>
      </datafield>
      <datafield tag="043" ind1=" " ind2=" ">
         <subfield code="c">XA-PL</subfield>
      </datafield>
      <datafield tag="110" ind1="1" ind2=" ">
         <subfield code="a">Biblioteka Uniwersytecka</subfield>
         <subfield code="c">Warszawa</subfield>
         <subfield code="g">PL-Wu</subfield>
      </datafield>
      <datafield tag="368" ind1=" " ind2=" ">
         <subfield code="a">Institution</subfield>
         <subfield code="a">Library</subfield>
      </datafield>
      <datafield tag="371" ind1=" " ind2=" ">
         <subfield code="a">Gabinet Zbiorów Muzycznych</subfield>
         <subfield code="a">ul. Dobra 56/66</subfield>
         <subfield code="b">Warszawa‎</subfield>
         <subfield code="d">Poland</subfield>
         <subfield code="e">00-312</subfield>
         <subfield code="m">e.hauptman@uw.edu.pl</subfield>
         <subfield code="u">https://www.buw.uw.edu.pl/</subfield>
         <subfield code="z">contact: dr Ewa Hauptman-Fischer</subfield>
         <subfield code="z">tel: +48 / 22 55 25 743</subfield>
      </datafield>
      <datafield tag="371" ind1=" " ind2=" ">
         <subfield code="a">Gabinet Starych Druków</subfield>
         <subfield code="a">ul. Dobra 56/66</subfield>
         <subfield code="b">Warszawa‎</subfield>
         <subfield code="d">Poland</subfield>
         <subfield code="e">00-312</subfield>
         <subfield code="m">i.p.wiencek@uw.edu.pl</subfield>
         <subfield code="u">https://www.buw.uw.edu.pl/</subfield>
         <subfield code="z">contact: dr Izabela Wiencek-Sielska</subfield>
         <subfield code="z">tel: +48 / 22 55 25 760</subfield>
      </datafield>
      <datafield tag="410" ind1=" " ind2=" ">
         <subfield code="a">University Library</subfield>
      </datafield>
      <datafield tag="410" ind1=" " ind2=" ">
         <subfield code="a">Gabinet Zbiorów Muzycznych</subfield>
      </datafield>
      <datafield tag="410" ind1=" " ind2=" ">
         <subfield code="a">Gabinet Starych Druków</subfield>
      </datafield>
      <datafield tag="551" ind1="1" ind2=" ">
         <subfield code="a">Warszawa</subfield>
         <subfield code="0">places/3900368</subfield>
      </datafield>
      <datafield tag="667" ind1=" " ind2=" ">
         <subfield code="a">Published sources: 6727</subfield>
      </datafield>
   </record>