
   <record>
      <leader>00000nz  a2200000nc 4500</leader>
      <controlfield tag="001">institutions/30070232</controlfield>
      <controlfield tag="003">DE-633</controlfield>
      <controlfield tag="005">20250620052104.0</controlfield>
      <controlfield tag="008">161109||||z|||a|||||||||||||||||n||||||d</controlfield>
      <datafield tag="024" ind1="7" ind2=" ">
         <subfield code="a">PL-Wumfc</subfield>
         <subfield code="q">siglum</subfield>
         <subfield code="z">PL-Wam</subfield>
         <subfield code="2">rism</subfield>
      </datafield>
      <datafield tag="034" ind1="1" ind2=" ">
         <subfield code="d">21.022267</subfield>
         <subfield code="f">52.235661</subfield>
      </datafield>
      <datafield tag="040" ind1=" " ind2=" ">
         <subfield code="a">DE-633</subfield>
         <subfield code="c">DE-633</subfield>
         <subfield code="e">rismg</subfield>
      </datafield>
      <datafield tag="043" ind1=" " ind2=" ">
         <subfield code="c">XA-PL</subfield>
      </datafield>
      <datafield tag="110" ind1="1" ind2=" ">
         <subfield code="a">Biblioteka Główna Uniwersytetu Muzycznego Fryderyka Chopina</subfield>
         <subfield code="c">Warszawa</subfield>
         <subfield code="g">PL-Wumfc</subfield>
      </datafield>
      <datafield tag="368" ind1=" " ind2=" ">
         <subfield code="a">Institution</subfield>
         <subfield code="a">Library</subfield>
      </datafield>
      <datafield tag="371" ind1=" " ind2=" ">
         <subfield code="a">ul. Okólnik 2</subfield>
         <subfield code="b">Warszawa</subfield>
         <subfield code="d">Poland</subfield>
         <subfield code="e">00-368</subfield>
         <subfield code="m">biblioteka@chopin.edu.pl</subfield>
         <subfield code="u">http://www.biblioteka.chopin.edu.pl/pl/</subfield>
         <subfield code="z">tel: +48 / (0)22 / 2789 234</subfield>
      </datafield>
      <datafield tag="410" ind1=" " ind2=" ">
         <subfield code="a">Biblioteka Główna UMFC</subfield>
      </datafield>
      <datafield tag="410" ind1=" " ind2=" ">
         <subfield code="a">Main Library of the Fryderyk Chopin University of Music</subfield>
      </datafield>
      <datafield tag="410" ind1=" " ind2=" ">
         <subfield code="a">Biblioteka Główna Akademii Muzycznej im. Fryderyka Chopina</subfield>
      </datafield>
      <datafield tag="410" ind1=" " ind2=" ">
         <subfield code="a">Fryderyk Chopin Music Academy Main Library</subfield>
      </datafield>
      <datafield tag="410" ind1=" " ind2=" ">
         <subfield code="a">Biblioteka Państwowej Wyższej Szkoły Muzycznej (bis 1979)</subfield>
      </datafield>
      <datafield tag="551" ind1="1" ind2=" ">
         <subfield code="a">Warszawa</subfield>
         <subfield code="0">places/3900368</subfield>
      </datafield>
      <datafield tag="667" ind1=" " ind2=" ">
         <subfield code="a">Published sources: 1104</subfield>
      </datafield>
      <datafield tag="678" ind1="1" ind2=" ">
         <subfield code="a">The history of the Library can be traced back to 1861 when the Warsaw Institute of Music started its activity. The collections and documents kept at the Library suffered important damages during World War II. After the war, the Library changed its location on a number of occasions. Since 1963, it has been located within the current premises of the University at Okólnik Street 2 in Warsaw.</subfield>
      </datafield>
      <datafield tag="678" ind1="1" ind2=" ">
         <subfield code="a">Its abundant collections built up since the 19th century include over 79,000 inventory items of sheet music, 29,885 books, 2,370 volumes of periodicals, and a number of sound documents (16,700 LPs, 13,000 CDs and 3,500 magnetic tapes) and video recordings (200 video cassettes, 480 DVDs and 10 Blu-ray Discs).</subfield>
      </datafield>
      <datafield tag="678" ind1="1" ind2=" ">
         <subfield code="a">The central focus of this collection is music as well as other disciplines taught at the University: aesthetics, philosophy, psychology, pedagogy etc. The Library’s aim is to provide, to the extent possible, a full scope of Polish literature dedicated to musical issues, supplemented by selected foreign works. In contrast, the sheet music collection is fully universal and consists of solo, chamber music, symphony as well as vocal and instrumental repertoire by Polish and foreign composers from the past to the present. The phonographic resources are similarly international. In addition to records from leading record companies, the Sound Archive holds sound recordings of concerts that have taken place at the University, the oldest ones dating back to 1964. Unique recordings by prominent musicians can be found in this collection, including ones by Witold Lutosławski, Stanisław Wisłocki, Regina Smendzianka, Jan Ekier, Bohdan Wodiczko, Jerzy Maksymiuk, Włodek Pawlik and others.</subfield>
      </datafield>
      <datafield tag="678" ind1="1" ind2=" ">
         <subfield code="a">The special collections of the Library include manuscripts and particularly valuable copies of old music prints, books and periodicals. What stands out among them is the collection of manuscripts by Ignacy Jan Paderewski, who was a honorary professor of the University. It includes numerous drafts and sketches alongside a number of finished autographs of his early piano and chamber music compositions as well as songs. The legacy of Prof. Stanisław Kazuro (231 inventory items) and the collection of unique first printings of Stanisław Moniuszko’s works are equally invaluable. Another notable feature of the collection are the early editions of pieces by Haydn, Mozart and Beethoven from the second half of the 18th and the early 19th century issued by renowned Austrian, French and Dutch publishing houses.</subfield>
      </datafield>
   </record>