
   <record>
      <leader>00000nz  a2200000nc 4500</leader>
      <controlfield tag="001">institutions/51003899</controlfield>
      <controlfield tag="003">DE-633</controlfield>
      <controlfield tag="005">20250620052252.0</controlfield>
      <controlfield tag="008">200422||||z|||a|||||||||||||||||n||||||d</controlfield>
      <datafield tag="024" ind1="7" ind2=" ">
         <subfield code="a">145254959</subfield>
         <subfield code="2">VIAF</subfield>
      </datafield>
      <datafield tag="024" ind1="7" ind2=" ">
         <subfield code="a">Q30904770</subfield>
         <subfield code="2">WKP</subfield>
      </datafield>
      <datafield tag="024" ind1="7" ind2=" ">
         <subfield code="a">PL-ZGap</subfield>
         <subfield code="q">siglum</subfield>
         <subfield code="2">rism</subfield>
      </datafield>
      <datafield tag="040" ind1=" " ind2=" ">
         <subfield code="a">DE-633</subfield>
         <subfield code="c">DE-633</subfield>
         <subfield code="e">rismg</subfield>
      </datafield>
      <datafield tag="043" ind1=" " ind2=" ">
         <subfield code="c">XA-PL</subfield>
      </datafield>
      <datafield tag="110" ind1="1" ind2=" ">
         <subfield code="a">Archiwum Państwowe w Zielonej Górze</subfield>
         <subfield code="c">Zielona Góra</subfield>
         <subfield code="g">PL-ZGap</subfield>
      </datafield>
      <datafield tag="368" ind1=" " ind2=" ">
         <subfield code="a">Institution</subfield>
         <subfield code="a">Library</subfield>
         <subfield code="a">Archive</subfield>
      </datafield>
      <datafield tag="371" ind1=" " ind2=" ">
         <subfield code="a">Al. Wojska Polskiego 67A</subfield>
         <subfield code="b">Zielona Góra</subfield>
         <subfield code="c">Województwo lubuskie</subfield>
         <subfield code="d">Poland</subfield>
         <subfield code="e">65-762</subfield>
         <subfield code="m">sekretariat@archiwum.zgora.pl</subfield>
         <subfield code="u">https://www.archiwum.zgora.pl/strona-glowna</subfield>
         <subfield code="z">tel: +48 / 68 / 329 98 01</subfield>
         <subfield code="z">fax: +48 / 509 680 718</subfield>
      </datafield>
      <datafield tag="551" ind1="1" ind2=" ">
         <subfield code="a">Zielona Góra</subfield>
         <subfield code="0">places/4000006</subfield>
      </datafield>
   </record>