
   <record>
      <leader>00000nz  a2200000nc 4500</leader>
      <controlfield tag="001">institutions/51000113</controlfield>
      <controlfield tag="003">DE-633</controlfield>
      <controlfield tag="005">20250620052234.0</controlfield>
      <controlfield tag="008">170126||||z|||a|||||||||||||||||n||||||d</controlfield>
      <datafield tag="024" ind1="7" ind2=" ">
         <subfield code="a">138210905</subfield>
         <subfield code="2">VIAF</subfield>
      </datafield>
      <datafield tag="024" ind1="7" ind2=" ">
         <subfield code="a">PL-ZGwmb</subfield>
         <subfield code="q">siglum</subfield>
         <subfield code="2">rism</subfield>
      </datafield>
      <datafield tag="034" ind1="1" ind2=" ">
         <subfield code="d">15.500381</subfield>
         <subfield code="f">51.940104</subfield>
      </datafield>
      <datafield tag="040" ind1=" " ind2=" ">
         <subfield code="a">DE-633</subfield>
         <subfield code="c">DE-633</subfield>
         <subfield code="e">rismg</subfield>
      </datafield>
      <datafield tag="043" ind1=" " ind2=" ">
         <subfield code="c">XA-PL</subfield>
      </datafield>
      <datafield tag="110" ind1="1" ind2=" ">
         <subfield code="a">Wojewódzka i Miejska Biblioteka Publiczna im. C. Norwida w Zielonej Górze</subfield>
         <subfield code="c">Zielona Góra</subfield>
         <subfield code="g">PL-ZGwmb</subfield>
      </datafield>
      <datafield tag="368" ind1=" " ind2=" ">
         <subfield code="a">Institution</subfield>
         <subfield code="a">Library</subfield>
      </datafield>
      <datafield tag="371" ind1=" " ind2=" ">
         <subfield code="a">al. Wojska Polskiego 9</subfield>
         <subfield code="b">Zielona Góra</subfield>
         <subfield code="c">Województwo lubuskie</subfield>
         <subfield code="d">Poland</subfield>
         <subfield code="e">65-077</subfield>
         <subfield code="m">informacja@wimbp.zgora.pl</subfield>
         <subfield code="u">http://www.biblioteka.zgora.pl/</subfield>
         <subfield code="z">tel: +48 / (0)68 / 45 32 600</subfield>
         <subfield code="z">fax: +48 / (0)68 / 45 32 603</subfield>
      </datafield>
      <datafield tag="551" ind1="1" ind2=" ">
         <subfield code="a">Zielona Góra</subfield>
         <subfield code="0">places/4000006</subfield>
      </datafield>
   </record>