
   <record>
      <leader>00000nz  a2200000nc 4500</leader>
      <controlfield tag="001">institutions/51006056</controlfield>
      <controlfield tag="003">DE-633</controlfield>
      <controlfield tag="005">20250620052306.0</controlfield>
      <controlfield tag="008">220118||||z|||a|||||||||||||||||n||||||d</controlfield>
      <datafield tag="024" ind1="7" ind2=" ">
         <subfield code="a">PL-ŁAp</subfield>
         <subfield code="q">siglum</subfield>
         <subfield code="2">rism</subfield>
      </datafield>
      <datafield tag="034" ind1="1" ind2=" ">
         <subfield code="d">22.229085397959985</subfield>
         <subfield code="f">50.07113319327444</subfield>
      </datafield>
      <datafield tag="040" ind1=" " ind2=" ">
         <subfield code="a">DE-633</subfield>
         <subfield code="c">DE-633</subfield>
         <subfield code="e">rismg</subfield>
      </datafield>
      <datafield tag="043" ind1=" " ind2=" ">
         <subfield code="c">XA-PL</subfield>
      </datafield>
      <datafield tag="110" ind1="1" ind2=" ">
         <subfield code="a">Archiwum parafii rzymskokatolickiej pw. św. Stanisława Biskupa Męczennika</subfield>
         <subfield code="c">Łańcut</subfield>
         <subfield code="g">PL-ŁAp</subfield>
      </datafield>
      <datafield tag="368" ind1=" " ind2=" ">
         <subfield code="a">Institution</subfield>
         <subfield code="a">Library</subfield>
         <subfield code="a">Archive</subfield>
      </datafield>
      <datafield tag="371" ind1=" " ind2=" ">
         <subfield code="a">ul. Farna 20</subfield>
         <subfield code="b">Łańcut</subfield>
         <subfield code="d">Poland</subfield>
         <subfield code="e">37-100</subfield>
         <subfield code="m">parafialancutfara@gmail.com</subfield>
         <subfield code="u">https://lancut.przemyska.pl/</subfield>
         <subfield code="z">tel: +48 / 17 225 28 73</subfield>
      </datafield>
      <datafield tag="551" ind1="1" ind2=" ">
         <subfield code="a">Łańcut</subfield>
         <subfield code="0">places/3903353</subfield>
      </datafield>
   </record>