
   <record>
      <leader>00000nz  a2200000nc 4500</leader>
      <controlfield tag="001">institutions/51008505</controlfield>
      <controlfield tag="003">DE-633</controlfield>
      <controlfield tag="005">20250620052323.0</controlfield>
      <controlfield tag="008">250204||||z|||a|||||||||||||||||n||||||d</controlfield>
      <datafield tag="024" ind1="7" ind2=" ">
         <subfield code="a">PL-ŁOm</subfield>
         <subfield code="q">siglum</subfield>
         <subfield code="2">rism</subfield>
      </datafield>
      <datafield tag="034" ind1="1" ind2=" ">
         <subfield code="d">19.94598987203617</subfield>
         <subfield code="f">52.107854722162934</subfield>
      </datafield>
      <datafield tag="040" ind1=" " ind2=" ">
         <subfield code="a">DE-633</subfield>
         <subfield code="b">ger</subfield>
         <subfield code="c">DE-633</subfield>
         <subfield code="e">rismg</subfield>
      </datafield>
      <datafield tag="043" ind1=" " ind2=" ">
         <subfield code="c">XA-PL</subfield>
      </datafield>
      <datafield tag="110" ind1="1" ind2=" ">
         <subfield code="a">Biblioteka Muzeum w Łowiczu, Zbiory Starożytności Władysława Tarczyńskiego</subfield>
         <subfield code="c">Łowicz</subfield>
         <subfield code="g">PL-ŁOm</subfield>
      </datafield>
      <datafield tag="368" ind1=" " ind2=" ">
         <subfield code="a">Institution</subfield>
         <subfield code="a">Library</subfield>
         <subfield code="a">Museum</subfield>
      </datafield>
      <datafield tag="371" ind1=" " ind2=" ">
         <subfield code="a">Stary Rynek 5/7</subfield>
         <subfield code="b">Łowicz</subfield>
         <subfield code="c">Województwo łódzkie</subfield>
         <subfield code="d">Poland</subfield>
         <subfield code="e">99-400</subfield>
         <subfield code="m">biblioteka@muzeumlowicz.pl</subfield>
         <subfield code="u">http://muzeumlowicz.pl/biblioteka/</subfield>
         <subfield code="z">tel: +48 / 46 837 39 28</subfield>
      </datafield>
      <datafield tag="551" ind1="1" ind2=" ">
         <subfield code="a">Łowicz</subfield>
         <subfield code="0">places/3903354</subfield>
      </datafield>
   </record>