
   <record>
      <leader>00000nz  a2200000nc 4500</leader>
      <controlfield tag="001">institutions/51007037</controlfield>
      <controlfield tag="003">DE-633</controlfield>
      <controlfield tag="005">20250620052312.0</controlfield>
      <controlfield tag="008">230121||||z|||a|||||||||||||||||n||||||d</controlfield>
      <datafield tag="024" ind1="7" ind2=" ">
         <subfield code="a">PL-ŁŹaif</subfield>
         <subfield code="q">siglum</subfield>
         <subfield code="2">rism</subfield>
      </datafield>
      <datafield tag="034" ind1="1" ind2=" ">
         <subfield code="d">19.47187923358223</subfield>
         <subfield code="f">51.8472291809593</subfield>
      </datafield>
      <datafield tag="040" ind1=" " ind2=" ">
         <subfield code="a">DE-633</subfield>
         <subfield code="c">DE-633</subfield>
         <subfield code="e">rismg</subfield>
      </datafield>
      <datafield tag="043" ind1=" " ind2=" ">
         <subfield code="c">XA-PL</subfield>
      </datafield>
      <datafield tag="110" ind1="1" ind2=" ">
         <subfield code="a">Archiwum Instytutu Franciszkańskiego</subfield>
         <subfield code="c">Łódź-Łagiewniki</subfield>
         <subfield code="g">PL-ŁŹaif</subfield>
      </datafield>
      <datafield tag="368" ind1=" " ind2=" ">
         <subfield code="a">Institution</subfield>
         <subfield code="a">Library</subfield>
         <subfield code="a">Archive</subfield>
      </datafield>
      <datafield tag="371" ind1=" " ind2=" ">
         <subfield code="a">ul. Okólna 185</subfield>
         <subfield code="b">91-520 Łódź-Łagiewniki</subfield>
         <subfield code="c">Województwo łódzkie</subfield>
         <subfield code="d">Poland</subfield>
         <subfield code="z">tel: +48 / 42 / 61-61-600</subfield>
      </datafield>
      <datafield tag="551" ind1="1" ind2=" ">
         <subfield code="a">Łódź</subfield>
         <subfield code="0">places/3900068</subfield>
      </datafield>
   </record>