
   <record>
      <leader>00000nz  a2200000nc 4500</leader>
      <controlfield tag="001">institutions/51008518</controlfield>
      <controlfield tag="003">DE-633</controlfield>
      <controlfield tag="005">20250620052323.0</controlfield>
      <controlfield tag="008">250205||||z|||a|||||||||||||||||n||||||d</controlfield>
      <datafield tag="024" ind1="7" ind2=" ">
         <subfield code="a">Q9167726</subfield>
         <subfield code="2">WKP</subfield>
      </datafield>
      <datafield tag="024" ind1="7" ind2=" ">
         <subfield code="a">PL-ŚLasm</subfield>
         <subfield code="q">siglum</subfield>
         <subfield code="2">rism</subfield>
      </datafield>
      <datafield tag="034" ind1="1" ind2=" ">
         <subfield code="d">21.21793761296588</subfield>
         <subfield code="f">54.024696879606566</subfield>
      </datafield>
      <datafield tag="040" ind1=" " ind2=" ">
         <subfield code="a">DE-633</subfield>
         <subfield code="b">ger</subfield>
         <subfield code="c">DE-633</subfield>
         <subfield code="e">rismg</subfield>
      </datafield>
      <datafield tag="043" ind1=" " ind2=" ">
         <subfield code="c">XA-PL</subfield>
      </datafield>
      <datafield tag="110" ind1="1" ind2=" ">
         <subfield code="a">Archiwum Sanktuarium Maryjnego</subfield>
         <subfield code="c">Święta Lipka</subfield>
         <subfield code="g">PL-ŚLasm</subfield>
      </datafield>
      <datafield tag="368" ind1=" " ind2=" ">
         <subfield code="a">Institution</subfield>
         <subfield code="a">Archive</subfield>
         <subfield code="a">Library</subfield>
      </datafield>
      <datafield tag="371" ind1=" " ind2=" ">
         <subfield code="a">Sanktuarium Matki Bożej</subfield>
         <subfield code="a">Św. Lipka 29</subfield>
         <subfield code="b">Reszel</subfield>
         <subfield code="c">Województwo warmińsko-mazurskie</subfield>
         <subfield code="d">Poland</subfield>
         <subfield code="e">11-440</subfield>
         <subfield code="m">sanktuarium@swlipka.pl</subfield>
         <subfield code="u">https://www.swlipka.pl/</subfield>
         <subfield code="u">https://www.swlipka.pl/kontakt</subfield>
         <subfield code="z">tel: +48 / 573 803 142</subfield>
      </datafield>
      <datafield tag="551" ind1="1" ind2=" ">
         <subfield code="a">Święta Lipka</subfield>
         <subfield code="0">places/3905050</subfield>
      </datafield>
   </record>